2362 3938
76 205 123 270 42
423 205 452 260 0.
471 202 609 258 vntum
626 203 757 259 FLACOI

26 346 30 353 ’
123 354 307 432 lnmittitque
331 362 425 414 ratem
449 353 620 432 mediasque
643 352 804 414 interuolat
828 353 920 415 urbes

80 462 138 523 qua
161 442 304 504 breuibus
328 443 400 503 furit
422 451 522 503 aestus
546 445 630 520 aquis
654 438 811 521 Asiamque
834 452 1028 522 prementem

79 533 183 611 effugit
206 531 341 612 abruptis
363 531 483 610 Europa
506 532 654 591 inmanior
676 533 746 590 oris.

78 621 133 682 has
156 622 245 681 etiam
263 628 359 680 terras
383 627 579 698 consertaque
603 617 741 697 gentibus
765 638 836 679 arna

79 712 122 771 sic
145 709 249 788 pelago
272 709 422 789 pulsante,
446 726 529 788 reor,
552 707 700 786 Neptunia
724 709 872 787 quondam

79 800 180 878 cuspis
204 804 234 857 et
257 798 376 858 aduersi
398 797 503 875 longus
527 796 610 855 labor
634 796 759 857 abscidit
782 799 858 877 aeui,

79 895 113 948 ut
137 885 270 946 Siculum
293 885 494 965 Libycumque
517 885 607 965 latuS,
631 887 805 964 stupuitque
829 886 949 964 fragore

76 976 196 1036 'laurus
220 983 250 1034 et
273 975 405 1035 occiduis
428 980 568 1053 regnator
591 973 742 1035 montibus
764 972 875 1034 Atlans.

78 1066 138 1123 iam
160 1065 228 1140 iuga
250 1062 392 1123 Percotes
415 1062 595 1140 Pariumque
619 1064 727 1123 infame
752 1063 876 1141 fragosis

77 1159 244 1230 exuperant
266 1150 440 1229 Pityamque
463 1151 560 1230 uadis,
583 1153 817 1229 transmissaque
840 1154 936 1229 puppi

79 1238 258 1317 Lampsacus
265 1285 274 1318 ,
298 1237 402 1317 Ogygii
425 1257 513 1316 quam
537 1258 592 1298 nec
616 1243 768 1299 trieterica
791 1238 899 1298 Bacchi

78 1344 163 1386 sacra
186 1343 283 1404 neque
307 1328 422 1386 arcanis
446 1326 592 1406 Phrygius
616 1329 701 1388 furor
723 1326 839 1388 inuehit
861 1331 966 1411 antriS,

77 1415 132 1475 sed
155 1433 228 1476 suus
251 1417 282 1475 in
305 1415 450 1476 Venerem
473 1423 570 1494 raptat
594 1417 675 1476 deus.
699 1417 779 1476 ilhus
802 1435 867 1476 aras

78 1503 155 1565 urbe
178 1522 269 1582 super
292 1504 423 1583 celsique
447 1505 551 1565 uident
574 1507 737 1582 gestamma
760 1506 870 1584 templi.

78 1595 176 1654 rarior
197 1593 268 1653 hinc
291 1593 380 1654 tellus
404 1595 499 1673 adque
523 1596 629 1672 ingens
658 1594 790 1673 undique
814 1593 930 1654 caelum

79 1694 186 1742 rursus
210 1689 240 1742 et
262 1684 409 1761 incipiens
433 1683 522 1743 alium
545 1690 723 1762 prospectus
746 1685 776 1741 in
801 1681 914 1743 orbem.

79 1776 161 1829 terra
184 1773 251 1831 sinu
274 1771 372 1831 medio
396 1772 524 1832 Pontum
547 1773 623 1831 iacet
646 1773 725 1830 inter
749 1778 778 1830 et
801 1769 907 1831 Hellen

78 1876 135 1918 ceu
159 1858 251 1920 fundo
274 1860 388 1938 prolata
410 1863 514 1939 maris3
538 1877 664 1939 namque
688 1858 813 1937 inproba
838 1863 935 1920 caecis

79 1947 180 2008 intulit
202 1965 274 2008 arua
296 1950 381 2009 uadis
403 1948 551 2028 longoque
574 1966 628 2027 per
653 1967 781 2026 aequora
805 1948 894 2007 dorso

79 2034 150 2096 litus
173 2039 246 2116 agit:
269 2043 351 2097 tenet
373 2037 442 2097 binc
466 2044 601 2098 ueterem
625 2036 791 2096 confinibus
815 2038 876 2095 oris

78 2143 148 2204 pars
171 2125 341 2207 Phrygiam,
363 2144 433 2204 pars
457 2126 579 2186 discreti
601 2128 669 2204 iuga
691 2127 779 2204 pinea
803 2127 921 2185 montis.

79 2231 135 2273 nec
156 2212 262 2292 procul
285 2214 321 2273 ad
344 2216 444 2274 tenuis
468 2216 564 2292 surgit
586 2215 713 2273 confinia
735 2215 819 2292 ponti

78 2300 152 2361 urbs
174 2300 297 2380 placidis
321 2303 448 2364 demissa
470 2304 561 2381 iugis3
585 2320 637 2361 rex
662 2302 763 2362 diuitis
786 2304 849 2381 agri

78 2386 210 2467 Cyzicus.
256 2387 434 2451 Haemoniae
458 2393 596 2469 quitum
620 2408 697 2450 noua
721 2393 805 2469 signa
829 2393 947 2450 carinae

78 2483 113 2536 ut
135 2476 231 2559 uidet,
255 2480 319 2555 ipse
342 2479 421 2540 ultro
444 2482 555 2559 primas
578 2480 730 2558 procurrit
754 2479 789 2539 ad
813 2479 907 2539 undas

78 2566 262 2644 miraturque
285 2567 369 2626 uiros
392 2567 584 2646 dextramque
609 2567 760 2646 amplexus
785 2574 816 2626 et
837 2565 965 2627 haerens

77 2655 182 2732 incipit
207 2649 235 2713 ‘o
258 2656 348 2714 terris
371 2673 451 2715 nunc
474 2657 604 2734 primum
628 2658 745 2734 cognita
769 2657 879 2715 nostris

78 2740 248 2802 Aemathiae
271 2760 377 2803 manus
400 2743 529 2804 etfama
552 2745 625 2805 mihi
648 2746 741 2804 maior
764 2747 868 2822 imago.

75 2848 138 2890 non
160 2837 260 2892 tamen
282 2832 355 2891 haec
379 2833 452 2892 adeo
476 2840 588 2893 semota
611 2850 708 2911 neque
733 2832 832 2893 abdita
855 2831 943 2892 tellus

78 2936 134 2979 nec
157 2919 221 2980 loca
243 2922 302 2981 iam
324 2922 443 3001 populis
466 2924 603 3001 inperuia
626 2921 701 2982 lucis
726 2940 805 3002 eoae,

77 3026 148 3069 cum
171 3009 245 3070 tales
268 3013 396 3071 intrasse
420 3011 525 3091 duces,
549 3019 594 3071 tot
616 3010 725 3071 robora
750 3029 849 3071 cerno.

78 3115 147 3157 nam
169 3097 239 3159 licet
262 3098 330 3159 binc
355 3118 459 3160 saeuas
483 3100 570 3160 tellus
594 3098 651 3160 alat
674 3098 795 3159 horrida
819 3105 923 3178 gentes

76 3204 184 3264 meque
204 3187 335 3248 fremens
357 3188 470 3249 tumido
495 3187 681 3248 circumfluat
704 3205 756 3246 ore
780 3187 950 3266 Propontis,

77 3281 179 3334 uestra
202 3274 275 3334 fides
298 3279 433 3354 ritusque
457 3294 545 3354 pares
569 3282 598 3335 et
616 3276 698 3334 mitia
722 3274 805 3333 cultu

77 3358 125 3419 his
147 3365 236 3422 etiam
258 3363 331 3424 mihi
355 3365 444 3423 corda
465 3363 552 3443 locisy
575 3361 680 3441 procul
704 3362 794 3420 effera
816 3363 915 3422 uirtus

77 3444 219 3527 Bebrycis
242 3459 272 3512 et
296 3451 426 3530 Scythici
448 3452 553 3531 procul
576 3450 764 3510 inclementia
787 3444 884 3509 sacri'

77 3536 120 3595 sic
144 3548 288 3601 memorat
310 3539 462 3618 laetosque
485 3542 575 3620 rapit,
599 3535 686 3598 simul
709 3534 826 3614 hospita
848 3536 939 3616 pandi
