2362 3938
136 176 180 241 92
299 155 306 167 '
479 171 507 226 c.
526 167 666 225 vinnm
683 162 863 256 rancori

133 334 165 385 et
186 330 272 403 pater
295 328 398 381 aurato
422 326 551 398 quantus
573 319 650 377 iacet
672 316 799 376 Inachus
822 311 931 377 antro?

134 412 262 472 dixerat.
287 409 382 487 adque
405 407 448 467 illi
470 405 575 466 dextra
598 407 661 464 sine
685 423 773 465 uersa
795 406 932 482 magistri
1090 416 1128 468 nt

134 501 273 580 protinus
296 500 329 557 in
350 512 471 575 proram
494 493 583 554 rediit
605 495 678 553 ratis
701 496 800 553 omine
824 501 908 553 certo

134 588 266 648 fluminis
290 603 324 645 os
346 592 530 663 pontumque
554 590 650 642 tuens.
698 576 859 660 ‘promittis
882 589 917 641 ut
939 599 1012 644 ecce

136 684 229 754 utque
253 691 343 734 uocas
367 665 558 732 reuehemur'
583 671 631 729 ait.
677 671 721 729 sic
744 669 851 730 deinde
874 679 1018 749 precatus

137 762 218 823 arma
240 761 325 822 iubet
347 760 424 820 celsa
448 761 545 819 socios
568 756 744 836 depromere
767 776 876 837 puppe.

137 851 214 911 dona
236 849 345 910 dehinc
367 847 476 908 Bacchi
499 863 644 923 casusque
668 854 702 906 ut
724 847 823 906 firmet
846 849 878 906 in
900 864 1008 908 omnes
1096 857 1137 909 itt

137 947 221 1017 rapta
244 937 349 1018 Ceres,
371 935 544 1013 uiridesque
567 942 709 1012 premunt
731 935 819 1013 longo
842 933 948 995 ordine
972 939 1061 1016 ripas.
1138 969 1141 975 ·

181 1024 281 1104 Incipe
306 1042 386 1084 nunc
410 1032 515 1084 cantus
537 1022 623 1103 alios,
646 1022 713 1104 dea,
737 1025 861 1101 uisaque
884 1023 971 1084 uoltis

137 1112 300 1172 Thessalici
322 1111 359 1170 da
382 1112 458 1170 bella
481 1111 574 1171 ducis.
620 1129 681 1171 non
704 1128 789 1171 mens
812 1111 897 1192 mihi,
920 1130 983 1173 non
1006 1113 1080 1176 haec

137 1217 189 1258 ora
212 1201 297 1278 satis;
319 1206 444 1259 uentum
467 1198 503 1257 ad
526 1198 620 1259 furias
642 1199 820 1277 infandaque
844 1208 930 1259 natae

137 1286 257 1345 foedera
280 1294 310 1345 et
332 1284 481 1345 horrenda
504 1286 651 1364 trepidam
674 1286 730 1347 sub
753 1289 870 1365 uirgine
893 1306 1042 1367 puppem:
1099 1292 1144 1349 itt

136 1375 227 1451 impia
249 1375 448 1434 monstriferis
472 1382 601 1452 surgunt
623 1376 682 1433 iam
704 1376 817 1454 proelia
840 1379 960 1454 campis.

137 1469 205 1522 ante
229 1461 327 1543 dolos,
350 1470 417 1522 ante
441 1461 524 1521 infidi
548 1470 646 1522 tamen
670 1481 816 1542 exsequar
839 1471 922 1524 astus

139 1549 292 1629 Soligenae
317 1550 377 1610 falli
400 1552 500 1610 meriti
521 1553 679 1629 meritique
703 1551 841 1629 relinqui.

138 1637 221 1715 [inde
246 1657 369 1699 canens:
394 1638 531 1717 Scythica
555 1642 656 1699 senior
678 1641 736 1698 iam
761 1639 837 1699 Solis
860 1641 891 1698 in
914 1639 1007 1717 urbe]

139 1726 197 1786 fata
219 1725 343 1786 laborati
366 1727 495 1787 Phrixus
519 1726 721 1805 compleuerat
744 1729 818 1787 aeui.
1103 1740 1149 1790 iit

137 1813 216 1873 illius
240 1823 373 1875 extremo
397 1815 452 1874 suh
477 1816 581 1875 funere
604 1817 679 1874 mira
702 1822 827 1893 repente

115 1901 254 1962 damma
276 1902 337 1982 poli
360 1920 526 1981 magnoque
549 1905 627 1963 aries
651 1905 787 1981 apparuit
810 1911 890 1963 astro

138 2007 267 2068 aequora
290 1998 397 2052 cuncta
420 2008 553 2051 mouens.
600 2000 630 2050 at
652 1991 762 2051 uellera
785 1991 888 2050 Martis
911 1994 943 2052 in
967 1991 1076 2055 umlrra

137 2079 201 2156 ipse
225 2080 272 2138 sui
294 2077 423 2138 Phrixus
447 2087 673 2139 monumentum
695 2081 811 2158 insigne
833 2079 940 2157 pericli

136 2165 264 2243 liquerat
287 2166 402 2226 ardenti
426 2184 571 2244 quercum
593 2167 735 2246 conplexa
757 2167 884 2227 metallo.
1103 2180 1152 2230 28⁰

137 2254 286 2330 quondam
308 2256 399 2314 etiam
420 2257 527 2315 tacitae
549 2258 635 2315 uisus
657 2273 712 2334 per
734 2263 867 2334 tempora
891 2257 989 2316 noetis

136 2340 234 2419 effigie
257 2350 354 2422 uasta,
378 2361 575 2421 socerumque
599 2346 745 2404 exterruit
767 2347 872 2422 ingens

136 2429 253 2506 prodita
275 2447 347 2489 uox:
372 2425 401 2489 ‘o
425 2433 476 2507 qui
498 2433 594 2509 patria
616 2430 722 2490 tellure
747 2432 880 2510 fugatum

138 2526 389 2594 quaerentemque
412 2517 516 2577 domos
539 2519 586 2577 his
604 2535 652 2577 me
676 2518 831 2580 considere
854 2537 961 2598 passus

137 2601 271 2685 sedibus,
294 2603 391 2663 oblata
413 2623 556 2682 generum
576 2623 644 2665 mox
666 2605 751 2684 prole
765 2609 884 2688 petisti,
1102 2617 1153 2669 ast

136 2696 208 2750 tunc
232 2690 286 2750 tibi
308 2709 470 2770 regnorum
494 2691 575 2752 labes
597 2693 758 2773 luctusque
781 2703 951 2776 supersunt,

135 2786 220 2858 rapta
243 2787 382 2858 soporato
405 2781 517 2841 fuerint
540 2799 609 2841 cum
632 2782 743 2842 uellera
766 2783 844 2844 luco.

135 2874 290 2947 praeterea
312 2868 446 2929 infernae
471 2887 546 2947 quae
569 2889 650 2931 nunc
674 2879 788 2933 sacrata
810 2871 919 2932 Ilionae

136 2957 196 3017 fert
214 2966 312 3018 castos
335 2957 437 3018 Medea
460 2958 569 3019 choros
592 2977 811 3038 quemcumque
833 2977 998 3038 procorum

136 3052 222 3105 nacta
244 3055 314 3124 peto
338 3055 454 3108 maneat
477 3050 577 3127 regnis
600 3067 638 3109 ne
661 3051 747 3127 uirgo
770 3043 923 3127 paternis?
1101 3061 1155 3111 nso

135 3130 209 3193 dixit
233 3143 263 3194 et
285 3134 402 3195 admota
423 3139 536 3214 pariter
560 3137 657 3197 fatalia
679 3139 764 3197 uisus

135 3219 255 3281 tradere
279 3229 361 3301 terga
379 3241 483 3305 manu,
507 3232 571 3284 tum
594 3223 667 3284 falso
691 3225 775 3285 fusus
799 3224 836 3285 ab
859 3243 931 3286 auro

135 3324 259 3368 currere
281 3329 336 3388 per
360 3314 468 3371 summi
492 3312 589 3390 fulgor
613 3311 762 3390 laquearia
785 3316 865 3373 tecti.

133 3395 268 3455 membra
290 3400 364 3457 toris
388 3401 465 3477 rapit
487 3398 537 3458 ille
561 3408 706 3481 tremens,
728 3402 918 3478 patriumque
941 3410 1086 3477 precatur

135 3495 247 3540 numen
270 3491 300 3544 et
323 3504 377 3545 eoo
401 3494 559 3564 surgentes
581 3487 668 3547 litore
693 3502 815 3546 currus:
1100 3499 1154 3553 24⁵
