2362 3938
353 149 824 239 Ancouaurrcouumueu'.
1055 162 1098 228 97

78 309 212 388 moenia,
236 309 261 368 si
284 307 371 367 binos
394 309 490 387 possis
514 308 686 369 discernere
709 309 806 369 calles.

78 397 134 457 hac
157 395 226 456 ideo
250 395 326 456 duce
349 395 425 457 ferte
449 396 570 476 gradus3
593 399 725 476 ingentia
747 416 874 477 namque
1045 413 1100 464 395

79 492 178 546 castra
202 483 275 544 alios
299 483 395 544 aditus
419 484 515 563 adque
538 486 648 563 impius
671 484 787 546 obsidet
809 483 925 547 hostis?

80 574 196 634 dixerat
219 572 292 633 haec
315 575 504 651 patriumque
528 574 608 633 uiam
630 573 790 652 detorquet
813 575 849 634 ad
872 573 1014 659 amnem,¹

80 679 224 740 sacraque
249 661 395 721 terrificae
420 660 544 740 supplex
567 671 669 723 mouet
691 665 781 724 inrita
803 663 898 724 Nocti.

123 750 177 810 llle
201 757 302 811 autem
324 751 477 828 inceptum
500 750 609 810 famula
631 751 707 811 duce
730 754 869 831 protinus
892 761 979 833 urget

80 857 148 899 aere
172 846 293 917 saeptus
317 841 388 919 iter,
410 841 523 917 patitur
545 857 600 898 nec
624 842 706 918 regia
729 843 812 900 cerni
1042 855 1096 905 40⁰

80 927 153 988 luno
177 929 291 1008 uirum,
314 930 397 1006 prior
419 927 527 987 Aeetae
551 946 588 987 ne
612 931 735 988 nuntius
759 928 842 990 adsit.

80 1018 199 1094 iamque
222 1017 319 1076 inerat
341 1015 450 1094 populo
475 1015 648 1094 mediaeque
671 1018 840 1095 incognitus
863 1016 941 1100 rubi,

82 1122 151 1164 cum
174 1121 275 1164 comes
298 1122 365 1164 orsa
388 1105 478 1183 loqui.
525 1100 649 1165 ‘Phoebi
670 1108 815 1183 genitoris
838 1105 874 1166 ad
898 1125 963 1168 aras

81 1187 219 1253 uentum’
242 1195 292 1253 ait.
338 1188 408 1253 ‘huc
432 1192 526 1272 adytis
550 1195 608 1252 iam
631 1212 662 1253 se
686 1193 723 1254 de
747 1212 830 1255 more
853 1199 985 1274 paternis

82 1299 135 1340 rex
159 1280 249 1361 leret;
272 1280 321 1340 hic
343 1299 485 1360 proceres
509 1281 591 1342 audit
613 1283 799 1361 populosque
822 1292 980 1362 precantes
1043 1295 1096 1346 405

82 1368 228 1448 adloquiis
251 1368 358 1430 facilis:
380 1388 522 1448 praesens
545 1378 631 1449 pater
653 1371 792 1432 admonet
815 1368 922 1451 aequi'

126 1456 255 1518 Dixerat.
300 1465 346 1517 ast
368 1458 411 1517 illi
433 1476 561 1537 propere
586 1467 749 1519 monstrata
772 1469 931 1538 capessunt

82 1544 190 1605 limina.
236 1563 296 1605 uon
320 1546 417 1627 aliter,
442 1549 579 1625 quamsi
602 1547 744 1607 radiantis
767 1546 883 1607 adirent

82 1652 134 1693 ora
157 1633 205 1694 dei
229 1652 376 1713 uerasque
399 1637 513 1696 aeterni
535 1635 655 1695 luminis
679 1654 776 1695 arces:

81 1722 138 1782 tale
162 1721 249 1782 iubar
271 1741 325 1802 per
348 1730 426 1784 tecta
448 1725 545 1784 micat.
592 1731 649 1784 stat
672 1724 789 1784 ferreus
811 1723 913 1784 Atlans
1043 1737 1097 1788 410

81 1809 200 1871 Oceano
224 1810 408 1890 genibusque
432 1819 551 1872 tumens
574 1813 746 1891 infringitur
769 1811 861 1892 unda3

82 1907 111 1960 at
134 1898 225 1959 medii
247 1918 303 1978 per
325 1908 408 1978 terga
432 1903 512 1960 senis
535 1903 613 1979 rapit
635 1903 699 1980 ipse
723 1903 852 1961 nitentes
986 1971 988 1976 ¹

81 1987 158 2050 altus
177 2006 271 2067 equos
295 2007 448 2068 curuoque
472 1989 551 2049 diem
574 1989 715 2050 suhduxit
739 1989 875 2069 Olymp03

80 2094 158 2156 pone
180 2085 248 2138 rota
270 2074 408 2138 breuiore
433 2096 517 2137 soror
540 2078 709 2157 densaeque
733 2085 900 2156 sequuntur

80 2164 198 2226 Pliades
222 2184 256 2225 ec
279 2165 404 2226 madidis
427 2174 563 2226 rorantes
587 2167 720 2227 crinibus
743 2166 863 2226 imbres,
1042 2178 1096 2228 415
1169 2230 1171 2236 ,

80 2272 137 2314 nec
160 2255 260 2314 minus
280 2254 351 2314 hinc
374 2256 456 2315 uaria
480 2255 541 2314 dux
564 2255 658 2315 laetus
682 2258 808 2334 imagine
832 2254 934 2333 templi

81 2342 118 2402 ad
140 2344 273 2421 geminas
297 2344 356 2403 lert
379 2361 431 2402 ora
454 2344 535 2403 sores
558 2343 704 2404 cunabula
727 2346 824 2422 gentis

81 2431 240 2492 Colchidos
262 2431 311 2491 hic
335 2439 478 2511 ortusque
502 2440 603 2511 tuens3
627 2439 661 2492 ut
683 2435 779 2511 prima
802 2431 948 2495 Sesostris

79 2520 217 2580 intulerit
239 2538 293 2580 rex
316 2520 393 2580 bella
416 2519 511 2600 Getis,
535 2528 568 2580 ut
591 2514 673 2581 clade
697 2538 822 2581 sucrum

78 2611 204 2668 territus
226 2608 422 2668 hos·'lhehas
445 2611 632 2687 patriumque
657 2610 781 2671 reducat
803 2609 839 2669 ad
863 2627 988 2690 amnem,
1043 2621 1098 2672 420

78 2696 216 2757 Phasidis
239 2697 294 2756 hos
317 2699 439 2776 inponat
461 2700 540 2775 agris
564 2696 750 2778 Colchosque
773 2701 875 2757 uocari

79 2787 221 2864 imperet:
246 2785 392 2845 Arsinoen
415 2785 458 2845 illi
481 2785 656 2864 tepidaeque
680 2789 839 2865 requirunt

78 2875 140 2934 otia
162 2873 239 2933 laeta
261 2873 351 2933 Phari
373 2877 573 2953 pinguemque
597 2877 660 2934 sine
683 2875 830 2935 imbribus
853 2890 972 2953 annum,

77 2961 112 3021 hi
134 2964 195 3022 iam
219 2961 391 3022 Sarmaticis
414 2969 585 3041 permutant
604 2962 725 3021 carbasa
748 2963 852 3022 bracis.

77 3048 225 3111 barbarus
248 3053 279 3110 in
297 3054 401 3130 patriis
425 3058 555 3111 sectatur
575 3048 726 3109 montibus
749 3050 829 3108 Aean
1044 3059 1101 3110 425

76 3137 184 3199 Phasis
207 3157 308 3199 amore
332 3140 449 3200 furens:
471 3139 594 3218 pauidas
616 3140 686 3197 iacit
708 3137 757 3197 illa
779 3137 935 3216 pharetras

78 3229 217 3306 uirgineo
241 3227 359 3288 turbata
382 3235 463 3288 metu
488 3227 673 3288 discursibus
693 3235 723 3286 et
745 3227 804 3285 iam

79 3314 193 3397 deficit,
217 3335 251 3376 ac
275 3316 391 3377 uolucri
414 3319 524 3377 uictam
548 3316 622 3376 deus
645 3315 742 3392 alligat
765 3314 852 3373 unda.

78 3403 191 3464 flebant
214 3404 358 3484 populeae
382 3408 523 3466 iuuenem
545 3404 729 3464 Phaethonta
753 3420 881 3482 sorores,

78 3499 144 3554 ater
167 3500 198 3553 et
220 3493 344 3554 Eridani
367 3494 517 3572 trepidum
540 3492 646 3572 globus
669 3492 729 3553 ibat
752 3495 783 3552 in
802 3507 932 3570 amuem3
1047 3505 1100 3555 430
1162 3502 1171 3561 ;’

133 3603 188 3647 vu.
201 3602 307 3644 rucene.
462 3630 464 3634 -
866 3598 880 3646 7
