2362 3938
467 176 679 233 PRAEFATIO.
1017 179 1082 232 XIX

155 338 205 404 Ut
236 345 384 403 accurate
409 361 428 404 a
451 339 529 403 viris
554 340 657 404 doctis
682 341 834 425 cognosci
857 346 980 424 posset,
1004 343 1080 425 quid

64 428 254 492 etiamnunc
285 430 390 491 exstet
420 428 454 491 in
482 426 591 493 codice
620 427 826 512 Taurinensi,
856 451 986 493 necesse
1017 431 1081 495 fuit

63 517 264 581 verbotenus
289 538 339 594 ea,
363 538 445 600 quae
469 516 539 599 ipse
563 516 642 600 legi,
667 518 726 582 sub
750 520 841 581 textu
864 518 953 601 typis
977 519 1080 602 expri-

64 626 161 670 mere.
211 602 304 679 Quod
333 625 404 668 cum
428 627 486 688 per
509 604 665 689 rationes,
689 628 768 690 quas
797 605 831 668 in
855 605 915 670 hac
939 606 1080 670 editione

64 694 157 777 sequi
181 694 291 756 iussus
316 715 401 775 sum,
428 693 533 757 facere
557 693 636 756 mihi
660 715 725 757 non
748 693 871 777 liceret,
899 694 976 757 utile
1000 694 1081 758 mihi

62 782 171 845 visum
201 786 252 845 est
274 780 328 845 hio
351 781 479 864 quidem
503 781 582 845 duas
606 782 723 846 codicis
747 783 886 867 paginas
910 782 970 864 ita,
997 787 1080 846 uta

64 892 116 933 me
147 870 253 934 lectae
284 873 376 953 sunt,
409 870 497 954 typis
531 871 692 934 mandare.
745 871 828 934 Huic
860 871 908 934 rei
940 870 1080 934 maxime

63 958 199 1022 idoneas
232 979 303 1022 esse
334 958 468 1042 paginas
499 956 575 1022 XLI
603 980 628 1022 c.
662 962 695 1022 et
726 959 754 1023 d.
791 959 968 1023 arbitratus
1000 981 1080 1023 sum.

63 1045 150 1110 Nam
179 1069 326 1130 carmen,
357 1047 440 1130 quod
468 1046 515 1111 ibi
543 1047 674 1131 legitur,
706 1049 746 1111 ab
775 1048 901 1132 Augelo
931 1047 1016 1112 Maio
1048 1055 1080 1112 et

64 1132 183 1200 Oarolo
208 1135 380 1219 Muellero,
407 1135 525 1220 quippe
549 1135 604 1220 qui
633 1135 702 1200 solo
729 1136 837 1201 codiee
861 1136 1079 1201 Ambrosiano

62 1228 247 1306 uterentur,
276 1225 322 1287 ita
346 1223 467 1288 editum
492 1227 555 1306 est,
582 1227 619 1288 ut
643 1224 823 1289 abundaret
845 1225 934 1288 vitiis
958 1226 1079 1309 gravis-

64 1313 166 1377 simis.
210 1312 355 1389 Quorum
379 1334 454 1397 pars
479 1313 622 1376 maxima
645 1312 764 1377 codicis
784 1312 994 1377 Taurinensis
1018 1335 1079 1398 ope

60 1401 133 1466 tolli
163 1402 287 1486 potuit,
314 1401 377 1464 nisi
405 1401 521 1465 folium
550 1400 635 1465 sucis
657 1400 799 1485 Peyroni
828 1401 1016 1466 horribilem
1044 1402 1077 1466 in

62 1491 194 1554 modum
219 1490 486 1573 pessumdatum
511 1493 604 1554 esset.
650 1488 728 1574 Legi
752 1491 855 1576 igitur
877 1491 971 1555 haec:

59 1701 113 1767 fol.
138 1652 238 1765 XL10.
280 1701 473 1765 mortalibus
497 1700 535 1765 de
559 1701 576 1763 f
838 1701 957 1764 escium
982 1701 1077 1802 quib3

279 1811 340 1873 que
501 1790 544 1853 tis
567 1789 600 1853 fa
625 1813 644 1854 a
667 1791 766 1915 elau?
794 1879 803 1915 2
862 1879 871 1914 ἲ
919 1812 934 1852 s
958 1810 1076 1873 quippe

278 1929 415 1993 homulli
429 1951 495 1994 non
510 1930 598 1995 videt
613 1931 702 1996 varia
747 1952 767 2013 q
786 1929 806 1992 d
824 1929 905 1994 haee
923 1929 1077 1993 reformet

279 2040 394 2101 perpes
415 2019 613 2084 eviternitas.
646 2017 730 2083 Nam
753 2018 781 2082 si
802 2018 942 2082 facessat
963 2023 1076 2082 casuu‘

278 2106 414 2170 scientia
436 2108 524 2172 laeta
547 2111 596 2172 est
784 2107 889 2171 omnis
912 2107 1076 2192 ignoratio

278 2194 382 2270 Quare
406 2195 438 2258 id
462 2200 578 2280 potatu
602 2200 616 2259 t
777 2196 1076 2260 commodissimum

278 2281 312 2347 Si
329 2304 406 2369 ergo
422 2283 473 2348 his
489 2306 654 2368 quaequae
724 2306 738 2348 s
757 2285 916 2349 instruere
930 2287 967 2347 ut
980 2306 1075 2368 praes

277 2371 344 2436 cias
373 2377 409 2435 tu
440 2395 526 2438 mam
555 2373 682 2437 lebatus
710 2376 822 2438 nostra
850 2375 1075 2457 praepotentia

277 2482 484 2544 quaecunque
515 2483 594 2546 gens
625 2461 668 2524 sit
698 2462 794 2525 obvia
824 2466 946 2525 sternes
977 2483 1075 2526 manu

276 2555 415 2632 tuncque
443 2550 522 2614 haec
549 2550 669 2613 revises
698 2551 806 2614 animo
833 2550 916 2614 liber
940 2550 1076 2614 artubus

277 2637 353 2700 urbs
373 2659 448 2701 vero
474 2660 569 2721 quam
593 2659 678 2702 nuno
701 2638 788 2723 regis
808 2638 919 2701 mundi
940 2637 1074 2703 dedecus

275 2725 380 2789 nitore
419 2728 526 2811 surgit
564 2726 687 2798 cunctis
729 2726 921 2809 exoptabilis
961 2727 1075 2790 saeclis

275 2814 353 2877 viris
483 2819 665 2897 temporum
685 2815 875 2879 recursibus.
916 2813 1074 2898 Unaquae

276 2923 404 2986 semper
470 2903 541 2967 luta
564 2904 625 2967 bea
680 2904 792 2968 tudine
888 2922 987 2986 quens
1014 2903 1073 2967 deo

274 3011 346 3053 rum
371 2997 403 3054 te
466 2992 494 3054 is
519 2995 615 3075 atque
936 3010 996 3071 que
1019 2991 1074 3052 vin

275 3099 350 3142 cens
375 3101 391 3144 c
497 3101 551 3143 um
575 3101 654 3144 conc
722 3080 774 3143 dia
989 3077 1073 3140 vitae

862 3165 963 3227 letum
988 3165 1074 3246 capit

274 3277 358 3320 cuna
995 3251 1072 3336 quip
1162 3294 1169 3303 -

273 3367 315 3428 pe
339 3345 407 3427 ipse
570 3344 690 3426 coeptis
709 3340 839 3426 praesul
860 3339 969 3457 mill?
988 3340 1073 3405 inter

887 3435 906 3458 a

274 3433 407 3497 minatis
423 3433 574 3502 saeculou
589 3431 712 3495 cursibs
726 3428 887 3597 fundata(
916 3469 936 3501 a
964 3428 1072 3600 )quod

275 3522 320 3586 sit
345 3522 440 3585 tellus
464 3521 552 3585 hisce
571 3519 700 3602 legibus
719 3517 805 3582 rides
830 3538 863 3581 se
895 3522 959 3592 32⁰,ss
993 3539 1072 3583 reno

872 3617 912 3673 b*
