2376 3938
107 194 150 258 52
206 245 211 252 ,
537 191 647 247 LIBER
665 194 685 247 I.

107 357 178 440 regi
207 356 416 439 respondere:
449 353 651 438 ‘Hystaspes
681 359 715 419 et
745 353 899 437 Spinther
929 355 989 419 deo
1020 353 1122 420 Dario

108 446 247 527 salutem
266 444 386 508 dicunt.
425 443 583 508 Miramur
602 445 682 508 satis
700 444 835 508 latuisse
853 447 896 527 te,
920 465 985 525 rex,
1009 448 1123 509 tantae

108 533 323 597 multitudinis
334 533 491 617 impetum
503 533 709 615 supervenire
719 531 932 615 nostratibus,
943 532 999 615 qui
1009 535 1123 617 quales

109 622 287 707 quantique
312 622 387 700 sint,
412 642 475 705 quo
499 620 627 685 facilius
650 621 840 699 noscitares,
864 620 1016 705 quinque,
1040 643 1123 705 quos

75 735 87 775 s
108 710 193 775 forte
212 710 354 776 indidem
373 713 487 795 captos
506 708 708 793 haberemus,
726 709 852 773 vinctos
870 710 1124 792 transmisimus,

108 821 174 864 non
194 800 264 864 ausi
284 820 396 863 eorum
420 798 508 862 ultra
527 797 648 881 aliquid
667 797 838 880 inquirere,
863 819 945 880 quae
969 799 1036 862 sint
1058 798 1123 863 for-

109 888 207 953 tassis
238 887 355 952 melius
370 888 455 970 'regi
484 886 667 969 praescitui.
719 886 804 950 Boni
832 887 933 970 igitur
964 889 1124 969 consules,

109 977 410 1060 quamprimumque
432 997 505 1040 cum
530 975 672 1038 exercitu
692 975 743 1039 vel
764 975 992 1058 potentissimo
1018 976 1122 1040 eidem

109 1064 276 1130 obviabis?

69 1177 95 1215 ιο
197 1151 256 1216 42.
302 1150 366 1217 Sed
401 1173 441 1214 ne
479 1152 525 1216 sic
565 1151 694 1234 quidem
736 1151 937 1216 abiciendam
974 1151 1122 1217 mollien·
1141 1163 1183 1212 50.

110 1242 224 1305 damve
255 1238 374 1305 Darius
405 1239 631 1325 adrogantiam
661 1242 764 1323 putat.
817 1239 915 1304 Enim
945 1241 1121 1324 respondet

110 1329 244 1396 ducibus
277 1328 482 1407 memoratis,
512 1329 600 1392 ultra
634 1327 702 1392 illis
736 1350 825 1412 spem
857 1329 944 1393 vitae
978 1329 1122 1413 agendae

109 1418 175 1482 iam
195 1417 424 1501 deponendam,
449 1417 476 1482 si
498 1416 593 1481 modo
618 1417 748 1481 creditis
768 1418 832 1481 sibi
850 1417 969 1482 finibus
993 1419 1122 1483 absces-

109 1507 239 1572 sissent.
285 1505 411 1589 Quippe
433 1505 571 1570 virtutes
587 1504 744 1570 ‘hosticas
773 1506 944 1591 magnifice
971 1510 1122 1571 executos

70 1616 95 1656 15
109 1595 247 1660 nihilum
270 1595 406 1679 periculi
428 1594 670 1677 monstravisse,
694 1616 757 1679 quo
781 1616 893 1678 reapse
918 1596 997 1659 scire
1016 1594 1122 1660 Mace-

110 1684 228 1749 donum
252 1683 476 1748 fortitudinem
499 1683 693 1767 potuissent.
740 1682 799 1747 ‘Et
822 1705 917 1766 quem
945 1684 1031 1748 enim
1055 1686 1121 1749 vul·

110 1771 278 1854 neratum‚'
294 1773 409 1858 inquit,
420 1771 584 1856 ‘vestrum
595 1792 731 1857 quemve
745 1773 977 1858 interemptum
989 1774 1121 1837 audiens

110 1862 173 1926 hoe
190 1861 400 1927 coniectem?’
437 1861 530 1928 Nihil
548 1862 650 1946 igitur
669 1882 845 1945 superesse,
864 1882 961 1945 quam
980 1862 1030 1926 uti
1047 1884 1120 1945 pro-

110 1952 171 2016 bro
193 1949 294 2015 fuisse
321 1951 506 2015 huiusmodi
529 1951 625 2015 duces
649 1949 822 2015 Persarum
849 1971 950 2036 regno
980 1952 1122 2015 sentiret.

71 2063 97 2101 ao
112 2038 176 2104 Sed
193 2041 279 2104 inter
296 2040 376 2105 haec
394 2039 460 2103 iam
474 2038 694 2104 Alexandrum
713 2039 830 2104 iuxtim
848 2040 996 2125 posuisse
1015 2043 1123 2103 castra
1136 2044 1184 2097 XL

110 2127 216 2192 noscit
242 2133 438 2211 propterque
460 2129 604 2193 vieinum
626 2127 762 2192 fluvium
784 2128 969 2192 mansitare.
1016 2126 1123 2210 Igitur

110 2215 152 2279 ad
174 2214 281 2297 ipsum
305 2238 416 2280 rursus
440 2219 472 2279 et
494 2216 662 2280 nominum
682 2217 909 2300 adrogantiam
933 2220 966 2281 et
989 2216 1121 2280 deorum

111 2303 309 2368 consortium
338 2304 401 2367 sihi
423 2304 590 2368 vindicans
619 2305 828 2389 gentiumque
856 2327 890 2369 se
919 2307 1045 2370 centurn
1074 2308 1121 2367 at·
1160 2368 1162 2371 .

111 2412 174 2474 que
196 2391 318 2477 viginti
337 2391 503 2457 dominum
522 2393 712 2475 praedicans
735 2393 783 2457 ita
806 2394 932 2458 scribit:
957 2393 1120 2458 ‘Latuitne
1140 2404 1184 2453 51.

70 2482 143 2543 sete
167 2481 281 2562 solum,
304 2478 497 2564 Alexander,
519 2479 612 2545 Darii
635 2504 755 2547 nomen
777 2483 945 2567 honosque
969 2483 1035 2566 ille,
1059 2503 1121 2566 quo

110 2588 171 2632 nos
201 2567 301 2632 donat
333 2572 429 2652 atque
459 2570 633 2653 participat
663 2592 780 2655 supera
812 2570 988 2636 maiestas?
1021 2592 1121 2654 eoque

111 2677 208 2721 ausus
240 2678 274 2720 es
306 2656 499 2721 transmisso
531 2659 615 2723 mari
647 2657 764 2724 Persas
796 2661 898 2725 veluti
929 2661 1035 2724 hostis
1068 2682 1121 2743 ap-

110 2743 252 2828 pellere?
273 2767 340 2809 non
362 2744 587 2811 beatissimum
610 2751 716 2831 ratus,
740 2749 768 2812 si
793 2752 962 2813 contentus
986 2749 1121 2832 imperio

201 2997 215 3044 1
236 2991 351 3060 Staspes
370 2992 399 3045 et
418 2989 538 3060 Spyntes
557 2991 591 3046 P.
625 2991 747 3061 Spynter
764 2990 800 3047 A.
892 3000 907 3048 6
926 2993 1067 3063 inquirere
1087 2993 1121 3048 P.

110 3062 231 3117 fortasse
244 3068 272 3116 1.
346 3068 361 3116 7
379 3061 482 3116 melius
500 3079 550 3118 om.
569 3062 605 3118 A.
642 3061 796 3132 praeseiuit
815 3063 850 3119 P.

200 3133 248 3188 42.
278 3139 311 3186 10
329 3149 381 3188 nec
396 3132 436 3186 sie
451 3133 565 3202 quidem
575 3134 611 3189 A.
655 3139 687 3187 12
708 3135 834 3204 agendae
850 3136 923 3191 Mai.
952 3135 1120 3204 agereA.P.

113 3210 146 3260 14
163 3205 311 3275 magnifiee
326 3221 375 3260 om.
391 3205 425 3260 P.
475 3210 508 3260 15
528 3223 583 3274 quo
597 3222 628 3260 re
642 3207 678 3260 ab
693 3222 722 3260 se
736 3211 764 3260 1.
793 3222 891 3274 quare
906 3207 941 3259 ab
956 3221 985 3257 se
1000 3204 1071 3258 seire
1087 3205 1121 3258 P.

111 3291 198 3344 quare
217 3277 348 3331 abscessu
365 3276 406 3330 ire
425 3275 460 3330 A.
509 3282 541 3330 19
561 3276 698 3331 eiusmodi
716 3282 744 3332 1,
796 3282 829 3330 21
848 3274 1000 3330 mansitare
1020 3273 1051 3325 P.
1079 3273 1121 3325 in·

110 3347 226 3401 visitare
236 3349 270 3400 A.
308 3353 342 3401 22
363 3346 554 3417 arrogantium
567 3349 600 3402 P.
638 3353 671 3402 23
687 3365 721 3403 se
740 3350 852 3402 centum
863 3349 897 3398 A.
918 3345 1078 3398 sexcentum
1087 3344 1121 3397 P.

111 3423 146 3470 25
163 3420 192 3471 te
212 3434 261 3471 om.
281 3423 308 3472 Τ.
342 3417 420 3473 Darii
439 3435 489 3474 om.
508 3425 536 3473 Τ.
582 3416 809 3474 261111111211Ι
836 3416 886 3468 dat
907 3414 939 3466 P.
985 3419 1017 3466 21
1038 3430 1121 3468 ausus

111 3503 141 3541 es
159 3487 323 3541 transmisso
342 3489 414 3544 Mai.
451 3507 546 3545 rursus
570 3506 604 3545 ex
627 3489 790 3546 transmisso
809 3485 845 3551 Δ.
884 3502 977 3538 rursus
1000 3487 1120 3540 retrans-

109 3555 196 3610 misso
216 3558 250 3612 P.
288 3559 431 3627 appellare
450 3561 485 3617 A.
