2362 3938
403 171 533 227 OBITUS
551 170 771 227 ALEXANDRI.
1031 169 1095 234 113

78 334 203 422 pariter
227 339 260 398 et
283 333 485 418 poenitentia
507 333 678 418 fatigabat.
724 333 930 400 Confirmatis
956 331 1093 417 denique

79 423 213 506 animis,
242 427 403 507 quaesunt
429 427 462 487 et
491 421 605 487 sedare
628 422 829 488 iracundiam
856 424 958 507 regis,
986 427 1019 486 et
1046 422 1095 488 nti

79 536 113 578 se
138 511 388 577 obsecutoribus
412 511 453 575 ad
477 512 595 595 cupita.

171 600 205 667 3.
242 599 351 684 Atque
379 600 426 664 ita
453 599 535 664 fines
563 599 677 664 Indiae
704 598 862 682 ingressis
890 598 979 663 obvii
1005 598 1094 663 fuere
1114 603 1148 660 ΙΙ.

78 690 199 774 legati,
230 711 313 773 quos
342 709 399 752 rex
425 687 529 753 Porus
559 689 598 752 ad
629 687 846 753 Alexandrum
875 708 947 751 cum
974 685 1093 751 litteris
1114 679 1139 730 4·

78 780 224 862 miserat,
247 798 383 861 quaram
409 777 569 841 sententia
592 776 671 840 haee
694 779 777 840 erat:
802 774 916 840 ‘Porus
939 796 996 839 rex
1018 774 1126 839 Ale-a

77 867 202 931 xandro
228 865 306 929 dicit
328 865 417 929 haec.
463 863 648 930 Incursanti
675 864 906 948 infestantique
929 863 991 929 tibi
1012 862 1093 928 fines

78 978 116 1020 ao
135 953 285 1019 civitates
309 974 397 1018 meas
415 953 543 1032 mande,
568 953 759 1038 Alexander,
782 952 926 1037 dicoque,
950 952 998 1016 uti
1021 973 1094 1016 eum

78 1048 111 1108 te
130 1043 298 1107 hominem
316 1042 511 1125 memineris,
533 1041 616 1106 nihil
635 1041 675 1106 ad
698 1041 775 1106 deos
793 1041 1007 1107 inconsultius
1026 1061 1093 1105 mo-

76 1132 168 1195 liare.
215 1128 328 1213 Neque
352 1129 439 1194 enim
462 1149 600 1213 urguere
627 1134 660 1194 te
684 1128 802 1196 debent
829 1131 870 1196 ad
898 1151 977 1198 ausa
994 1134 1093 1195 teme·
1108 1150 1134 1190 ro

78 1219 169 1284 raria
191 1218 342 1282 fortunae
364 1218 532 1282 hominum
551 1218 801 1285 imbecilliorum
824 1220 1022 1306 hortarique,
1045 1223 1094 1287 uti

78 1306 177 1372 Indos
198 1308 350 1390 incessas,
374 1307 460 1390 quod
483 1307 546 1371 tibi
564 1306 663 1372 fuerit
682 1307 717 1371 in
735 1307 852 1373 Persas
871 1308 1005 1376 fortuna
1022 1332 1094 1394 pro-

77 1396 203 1461 clivior.
249 1393 325 1460 Non
349 1396 436 1459 enim
464 1398 497 1459 te
526 1417 565 1459 ex
593 1416 630 1461 eo
658 1397 764 1461 lucari
793 1401 888 1463 aucta
916 1400 1095 1483 speraverit

78 1484 186 1549 virtus
209 1488 276 1561 tua,
300 1505 373 1549 cum
396 1484 536 1567 primum
558 1484 663 1549 nostri
686 1485 810 1568 ceperis
831 1487 1093 1569 experimentum.

78 1571 177 1637 Patet
201 1572 320 1656 quippe
344 1572 447 1636 cuivis
470 1593 575 1656 nosse,
599 1573 671 1656 quis
694 1573 749 1637 ille
773 1574 834 1637 sim
857 1572 969 1656 Perus,
996 1578 1028 1637 et
1051 1596 1133 1638 an1a

78 1661 142 1724 ulli
166 1660 336 1725 adversum
359 1681 418 1725 nos
442 1660 570 1725 licuerit
593 1662 729 1742 experiri
751 1659 951 1739 fortitudine,
975 1661 1093 1746 quippe

78 1749 136 1832 qni
159 1769 226 1813 non
245 1749 394 1814 homines
417 1748 524 1830 mode,
547 1771 659 1813 verum
682 1749 780 1813 etiam
799 1748 876 1814 deos
894 1749 1018 1814 viribus
1039 1772 1093 1814 an·

77 1840 246 1900 tentemus.
290 1836 413 1912 Quibus
433 1837 494 1901 diis
513 1837 712 1902 inefficacem
731 1837 897 1903 audaciam
915 1837 1015 1903 tuisse
1039 1839 1092 1903 ad·

77 1946 209 1989 versum
236 1946 296 1990 nos
325 1925 520 1990 documenta
549 1930 624 1989 sunt
647 1925 875 2010 antiquissima
898 1926 949 1990 vel
972 1929 1090 2009 vestra,

77 2013 199 2096 quippe
224 2035 296 2078 curn
319 2012 413 2077 illum
435 2015 544 2098 ipsum
567 2013 719 2079 Liberum
742 2017 900 2097 vestrum,
927 2015 982 2098 qni
1006 2014 1091 2097 apud
1106 2037 1133 2076 so

78 2123 137 2167 vos
171 2100 249 2166 deus
279 2102 497 2186 existimetur,
527 2107 647 2167 temere
677 2103 713 2166 in
741 2103 822 2167 haec
852 2103 1091 2186 inrumpentem

77 2189 208 2254 irritum
236 2194 487 2274 superatumque
514 2191 590 2257 hinc
617 2190 691 2255 Indi
720 2191 755 2255 in
781 2190 896 2277 fugam
926 2192 1093 2257 verterint.

79 2277 187 2354 Quare
215 2300 282 2343 non
305 2279 400 2343 modo
424 2279 558 2358 suadeo,
586 2300 696 2344 verum
723 2279 819 2344 iubeo
848 2301 975 2364 quoque
1003 2281 1092 2346 abire
1112 2291 1137 2342 5.

78 2370 111 2429 te
135 2365 212 2430 hinc
236 2366 277 2430 ad
300 2370 374 2432 tuas
399 2365 552 2432 Graecias
577 2371 765 2434 contentum
789 2366 882 2433 Darii
903 2367 1037 2434 fortuna
1060 2373 1093 2434 et

78 2455 213 2537 paribus
242 2456 395 2539 gentibus
422 2455 611 2539 viribusque
638 2456 680 2522 ad
707 2457 798 2522 illam
825 2457 926 2522 vestri
952 2458 1092 2523 nominis
1107 2478 1133 2519 rs

80 2543 346 2608 mediocritatem.
391 2542 505 2627 Neque
534 2545 620 2609 enim
649 2546 677 2609 si
703 2545 799 2611 nobis
823 2544 960 2610 Graecia
985 2549 1094 2611 vestra

80 2651 161 2714 opus
185 2631 280 2714 foret,
303 2653 369 2697 nen
392 2633 472 2697 olim
494 2636 590 2717 atque
614 2636 689 2698 ante
711 2633 838 2698 Xerxac
862 2638 995 2699 conatus
1020 2634 1092 2699 sub·

80 2724 154 2784 acta
184 2718 273 2784 Indis
303 2719 397 2786 foret.
449 2719 626 2787 Enimvero
657 2722 811 2806 quoniam
842 2721 969 2788 inutilis
998 2722 1093 2788 nobis

171 2899 186 2945 1
206 2895 236 2947 et
253 2909 303 2948 om.
325 2894 359 2948 P.
395 2893 602 2963 poenitentiam
620 2896 760 2966 fatigabat
778 2896 813 2951 Β.
888 2902 904 2950 3
924 2911 984 2950 sese
1003 2896 1039 2950 Β.

169 2964 198 3018 3.
232 2971 248 3017 4
267 2963 386 3034 ingressi
402 2964 552 3035 —legatis
575 2967 606 3019 P.
687 2973 703 3021 5
721 2983 820 3035 porrus
841 2967 873 3020 P.
899 2967 949 3031 (sic
972 2967 1092 3034 semper).

81 3040 96 3087 7
116 3034 185 3087 fines
204 3034 329 3090 civItatis
348 3051 427 3090 meae
445 3035 479 3091 P.
508 3052 568 3092 mee
588 3038 623 3092 B.
693 3043 709 3091 8
729 3036 825 3104 ntique
844 3053 913 3091 corr.
932 3051 965 3089 ec
983 3035 1037 3088 tibi
1055 3036 1092 3088 B.

82 3111 114 3157 10
134 3121 253 3172 urguere
272 3107 308 3160 A.
337 3121 455 3175 arguere
474 3107 549 3163 Ρ.Β,
587 3122 672 3162 cansa
690 3107 726 3160 Β.
783 3111 815 3159 11
835 3103 1040 3159 imbecillorum
1059 3104 1092 3158 P.

82 3181 114 3228 13
134 3177 219 3229 aucta
236 3176 268 3230 P.
301 3177 353 3231 ant
371 3177 406 3231 A.
439 3180 489 3231 aut
508 3177 674 3247 aspiraverit
692 3178 727 3231 Β.
812 3180 845 3229 15
863 3174 926 3243 quis
944 3191 993 3229 om.
1016 3175 1092 3228 Ρ.Β.

80 3247 111 3300 r'n
126 3248 162 3299 A.
176 3262 310 3316 cupnscr.
356 3264 392 3302 an
406 3247 547 3317 ulliEpit.
567 3248 639 3302 nulli
648 3248 682 3303 A.
690 3248 765 3304 P.B.
804 3251 838 3299 1a
857 3243 976 3313 experiri
985 3245 1093 3314 compat.

80 3333 115 3369 ex
137 3318 215 3372 codd.
253 3317 357 3388 qnippe
381 3319 430 3387 qui
454 3321 486 3375 P.
494 3321 528 3374 Β.
557 3317 660 3389 qnippe
684 3322 719 3372 A.
804 3320 836 3371 21
861 3315 1033 3383 irrupentem
1056 3315 1095 3369 A.

80 3392 115 3440 23
133 3386 218 3442 iubeo
237 3405 349 3456 qnoque
369 3389 403 3446 A.
430 3391 568 3459 iubeoque
587 3391 619 3444 P.
657 3396 692 3444 24
710 3389 903 3455 contemptum
923 3386 956 3440 P.
995 3392 1029 3442 26
1048 3403 1094 3440 ur·

80 3455 217 3582 bibusqute
228 3460 377 3584 RBvestri
387 3463 423 3515 A.
443 3465 565 3515 vestram
575 3462 607 3516 P.
626 3461 677 3515 illa
691 3463 763 3513 muri
770 3459 805 3514 Β.
843 3462 876 3512 27
892 3455 1097 3514 conatusAP·

81 3544 137 3598 quo
156 3546 193 3583 na
208 3546 238 3584 or
287 3567 293 3580 .

133 3627 220 3668 Iunios
234 3629 369 3671 Vnnxaxus.
917 3622 936 3672 8
