2362 3938
124 190 188 254 172
280 186 494 244 ALEXANDRI
512 187 587 242 CUM
605 186 764 242 DINDIMO
784 188 972 244 OOLLATIO.

122 349 295 436 incognita
317 351 506 435 prohibent,
533 351 679 415 facinora
706 350 892 416 docuerunt.
942 349 1019 415 Una
1048 354 1137 435 genti

123 441 175 505 lex
204 443 268 504 est:
298 445 413 504 contra
440 441 491 504 ius
522 461 588 504 non
614 440 661 502 ire
688 443 834 505 naturae.
878 439 1137 504 Misericordiam

123 529 207 592 nulli
225 530 409 612 tribuimus,
433 531 508 613 quia
527 550 585 592 nec
603 527 668 610 ipsi
687 527 872 592 miseranda
890 529 1137 594 committimus.

125 616 246 702 Culpas
276 621 407 685 nostras
438 617 576 681 aliorum
604 616 797 681 remittendo
824 620 959 699 peccata
987 640 1053 681 non
1086 618 1139 682 ab·

98 707 243 770 eluimus
275 728 335 770 nec
367 706 488 790 sparsis
517 705 637 768 divitiis
666 705 791 769 seelera
818 710 976 789 congesta
1010 706 1140 770 redimi·

126 817 207 860 mus.
240 794 324 870 Quid
345 795 430 859 enim
450 793 599 876 proficiat
616 793 650 855 in
668 793 852 876 proximum
872 794 1014 877 depensa
1035 795 1140 859 muni-

125 885 255 949 ficentia
273 904 387 965 noxae,
410 903 482 945 cum
502 883 546 945 sit
565 881 691 945 auctori
711 882 827 965 simile,
846 883 931 964 quod
951 883 1140 948 confertur?

125 973 170 1037 Et
190 972 342 1036 fortassis
366 970 521 1034 sincerior
544 974 593 1033 est
617 970 682 1052 ille,
705 991 778 1034 cum
799 992 861 1054 quo
882 971 966 1035 male
991 972 1140 1037 conscius

126 1061 244 1142 raptim
272 1062 388 1141 parata
415 1059 647 1140 communicat,
677 1061 710 1121 et
737 1058 786 1121 ita
815 1058 868 1142 fit,
896 1063 932 1122 ut
958 1059 1049 1124 vitiis
1078 1062 1142 1124 lar-

87 1167 112 1206 10
126 1148 244 1232 gientis
263 1168 332 1229 par,
351 1146 406 1229 qui
426 1146 553 1228 accipit,
571 1146 740 1210 habeatur.
773 1146 923 1211 Pravitas
942 1149 1041 1232 enim,
1060 1171 1141 1232 quos

126 1234 273 1317 contigit,
292 1237 458 1317 exaequat.
491 1233 653 1298 Laborem
667 1256 732 1298 non
749 1257 944 1317 exercemus,
963 1237 1018 1318 qui
1038 1240 1142 1301 nutrit

127 1323 307 1403 avaritiam,
332 1323 435 1386 otium
458 1325 552 1405 turpe
576 1321 652 1386 dum
676 1323 827 1389 vitamus.
874 1323 1017 1388 Libidini
1040 1347 1140 1389 mem·

10 1467 13 1470 4
124 1412 185 1475 bra
209 1409 412 1474 debilitanda
434 1432 500 1475 non
522 1411 689 1475 tradimus.
734 1409 841 1476 Nocte
864 1435 930 1477 non
954 1414 1077 1478 utimur
1102 1415 1142 1479 ad

125 1501 266 1585 tegenda
284 1498 419 1582 flagitia.
460 1499 552 1564 Nihil
570 1499 717 1584 facimus,
742 1501 826 1583 quod
851 1502 1040 1584 castigetur.
1077 1501 1142 1567 Ne·

87 1609 113 1650 1⁵
127 1590 176 1653 fas
207 1592 257 1653 est
284 1589 370 1671 apud
399 1611 460 1653 nos
495 1589 572 1673 iuga
604 1591 763 1654 montium
791 1590 959 1653 vulnerare
990 1591 1141 1655 dentibus

127 1679 179 1743 vel
203 1699 392 1760 camporum
415 1677 555 1742 nitorem
578 1678 686 1761 rigare
709 1678 895 1742 vomeribus
924 1682 982 1743 aut
1011 1700 1141 1763 gemen-

127 1768 216 1831 tibus
243 1767 346 1830 tauris
373 1767 545 1831 stridentia
568 1768 715 1849 plaustra
739 1767 941 1852 subiungere.
989 1765 1141 1833 Cruentis

128 1855 265 1940 dapibus
289 1860 418 1920 uterum
446 1877 512 1920 non
534 1859 734 1939 torquemus.
781 1855 939 1920 Vescendi
968 1878 1066 1921 causa
1094 1879 1141 1920 se-

129 1951 218 2009 creta
250 1944 382 2008 litorum
412 1944 535 2008 retibus
567 1966 633 2008 non
664 1944 837 2026 rimamur,
869 1966 933 2009 non
967 1948 1143 2029 aequoreas

89 2056 115 2095 ao
130 2034 312 2098 animantes
339 2036 464 2096 secreta
486 2032 660 2096 venatione
689 2032 878 2116 decipimus,
907 2036 964 2097 aut
992 2035 1077 2097 aeris
1105 2035 1143 2098 li·

128 2122 289 2185 bertatem
317 2125 415 2202 captu
443 2120 551 2184 avium
579 2121 802 2204 verberamus3
834 2121 988 2185 silvarum
1019 2123 1143 2187 incolas

127 2228 193 2271 non
221 2213 388 2272 vastamus
421 2208 575 2291 indagine
608 2228 712 2289 neque
746 2208 851 2290 spolia
878 2207 985 2269 ferina
1010 2209 1145 2274 domum

128 2295 366 2359 convehimus.
389 2292 508 2358 Omnia
526 2293 737 2378 possidemus,
761 2314 978 2378 quaecumque
1001 2314 1068 2356 non
1089 2318 1143 2360 cu-

127 2382 248 2465 pimus;
282 2385 332 2445 est
364 2382 450 2446 enim
483 2381 685 2454 ferocissima
715 2382 818 2463 pestis
849 2379 1025 2462 cupiditas,
1059 2403 1143 2464 quae

89 2472 214 2534 essolet
237 2489 373 2554 egenos,
400 2490 480 2552 quos
509 2470 607 2553 capit,
637 2469 778 2549 efficere,
806 2468 882 2532 dum
910 2467 1008 2531 finem
1037 2469 1143 2553 inqui-

128 2558 218 2622 rendi
235 2579 302 2623 non
320 2557 453 2641 invenit,
474 2558 530 2621 sed
551 2579 588 2622 eo
608 2556 723 2640 magis,
742 2577 806 2639 quo
821 2555 919 2619 fuerit
933 2556 1144 2645 locupletata,

219 2772 232 2818 1
253 2764 403 2834 perhibent
420 2764 454 2820 L.
516 2771 532 2818 ὁ
551 2763 668 2836 sparsis]
687 2766 826 2834 aspersis
845 2766 878 2822 L.
940 2773 955 2819 ⁷
976 2771 1088 2822 auctore
1107 2771 1142 2824 L.

129 2835 265 2892 avaritiae
292 2836 328 2890 B.
366 2835 506 2890 confertur
533 2836 568 2890 L.
576 2837 606 2889 V.
645 2835 734 2890 fertur
761 2843 808 2892 cet.
925 2844 940 2892 9
967 2841 1079 2908 patrata
1106 2841 1143 2896 B.

131 2915 164 2964 10
182 2907 332 2961 haberetur
350 2907 384 2961 L.
411 2907 537 2975 parvitas
556 2907 635 2962 LR.
691 2914 722 2961 11
743 2909 863 2977 contigit
877 2911 911 2964 L.
938 2911 1078 2980 contingit
1096 2917 1143 2964 oct.

131 2985 164 3034 12
182 2981 264 3048 turpe
283 2979 349 3031 dnm
364 2978 397 3032 P.
424 2976 607 3047 turpitudinis
626 2978 661 3033 R.
687 2980 770 3048 turpe
790 2981 1034 3036 devitamusV.B.
1060 2985 1143 3049 turpe

130 3051 253 3106 vitamus
271 3049 306 3105 L.
363 3054 395 3104 13
413 3055 496 3104 noete
516 3049 548 3102 V.
568 3051 633 3104 note
648 3049 682 3104 L.
702 3056 771 3105 nota
787 3051 862 3106 ΗΕ.
922 3059 955 3105 14
974 3051 1096 3120 tegenda
1110 3053 1142 3105 P.

129 3121 253 3178 tenenda
269 3120 346 3175 LR.
373 3119 515 3176 tendenda
532 3119 563 3176 V.
591 3120 828 3190 nocte-flagitia
846 3140 895 3178 om.
914 3123 950 3176 B.
978 3122 1094 3176 fecimus
1109 3123 1143 3175 L.

131 3195 241 3262 agimus
259 3193 291 3248 V.
318 3191 471 3262 castigetur
490 3191 565 3245 RB.
592 3191 713 3260 castiget
731 3193 764 3245 L.
773 3193 804 3245 V.
830 3194 876 3246 lex
895 3191 1016 3261 castiget
1033 3193 1069 3248 R.
1096 3193 1144 3246 lux

131 3265 252 3332 castiget
270 3263 406 3318 Ricbcrer.
458 3267 490 3316 15
510 3264 655 3317 vulnerare
674 3262 710 3317 R.
736 3263 879 3316 vulnerari
897 3268 943 3317 cet.
998 3268 1031 3315 16
1050 3263 1144 3328 rigare

129 3333 246 3389 L.P.B.
274 3333 377 3389 rimare
396 3333 431 3388 R.
459 3332 556 3388 rimari
576 3334 608 3387 V.
635 3348 735 3402 rugare
755 3333 828 3388 Keil.
910 3337 942 3384 1⁷
962 3332 1088 3400 plaustro
1107 3333 1143 3386 L.

131 3410 164 3457 18
184 3405 305 3475 secreta]
325 3408 402 3460 secta
419 3405 492 3459 L.B¹
577 3410 609 3458 19
627 3404 761 3457 rimamus
781 3402 815 3456 R.
897 3407 930 3455 22
949 3404 1091 3456 vastemur
1110 3404 1144 3458 L.

129 3478 164 3527 24
183 3475 398 3529 feracissimaL.
432 3480 465 3530 25
485 3476 560 3545 cepit
570 3476 605 3530 B.
625 3474 786 3543 requirendi
795 3474 831 3528 B.
864 3477 898 3528 26
918 3489 951 3527 eo
961 3473 1050 3542 magis
1061 3472 1096 3527 R.
1117 3477 1146 3527 et

128 3543 220 3612 magis
241 3546 315 3599 L.P.
343 3547 435 3614 magis
455 3546 527 3601 VB.
