2362 3938
481 185 697 242 PRAEFATIO.
993 187 1099 241 XXVII

105 349 141 413 V.
169 379 213 400 =
242 347 374 412 Codex
396 347 714 413 Vindobonensis
740 350 817 434 150,
846 351 924 414 olim
948 349 1097 415 Univers.

243 437 311 501 863
340 436 424 520 apud
452 437 682 501 Endlicherum
711 436 768 504 Nr.
791 437 936 523 0X0V13
963 440 1098 503 membr.

242 546 328 589 saec.
346 524 442 609 XIII,
468 527 496 589 si
524 525 619 589 fidem
642 526 839 591 Endlichero
862 528 982 591 habere
1005 527 1097 611 licet5

244 614 274 677 is
299 613 407 697 codex,
431 615 486 697 qui
510 615 615 678 solam
638 615 778 698 primam
797 613 943 678 Dindimi
966 636 1098 698 respon-

244 703 369 766 sionem
389 703 543 786 continet‚
565 724 761 788 quamquam
780 725 797 767 1
817 704 902 767 bono
922 702 1096 786 archetypo

243 790 423 874 descriptus
452 794 516 872 est,
544 794 654 855 tamen
682 796 808 855 textum
837 791 949 855 multis
973 791 1096 855 librarii

243 879 549 963 interpolationibus
572 879 738 944 foedatum
763 880 901 943 exhibet.

100 968 145 1033 B.
171 998 217 1020 =
243 966 378 1031 Editio
397 966 563 1031 Bissaei:
582 967 747 1032 Palladius
767 968 805 1032 de
820 969 971 1052 gentibus
985 967 1097 1031 Indiae

245 1060 278 1119 et
296 1056 537 1141 Bragmanibus
561 1060 619 1140 ete.
643 1057 677 1120 in
700 1057 803 1121 lucem
826 1057 965 1140 protulit
988 1078 1027 1119 ex
1049 1056 1097 1119 bi·

244 1144 360 1208 blioth.
380 1165 445 1227 reg.
473 1144 644 1208 Edoardus
664 1145 826 1229 Bissaeus,
844 1144 983 1210 Londini
1004 1145 1097 1210 1688.

244 1231 288 1297 4⁰.
312 1254 342 1315 p.
357 1230 524 1297 85—103.
571 1233 641 1308 Quo
665 1233 749 1297 libro
774 1234 996 1318 manuscripto
1019 1255 1097 1297 usus

246 1322 290 1384 sit
313 1320 480 1404 Bissaeus,
507 1322 631 1405 nesci03
660 1321 748 1386 haud
771 1323 882 1405 magni
906 1322 1001 1405 pretii
1025 1343 1097 1384 eum

244 1408 346 1473 fuisse
369 1409 464 1473 facile
487 1409 591 1492 quivis
614 1409 791 1494 intelleget,
816 1411 870 1494 qui
888 1431 1009 1494 paucas
1034 1409 1098 1473 edi-

244 1497 343 1561 tionis
367 1497 494 1561 Bissaei
517 1499 654 1582 paginas
679 1499 804 1583 legerit.

101 1588 143 1651 R.
171 1617 214 1639 =
241 1585 373 1650 Editio
404 1585 585 1650 Frobeni:
614 1585 650 1650 B.
678 1585 785 1650 Flacci
812 1586 925 1650 Albini
955 1607 1011 1648 seu
1041 1584 1096 1646 Al-

244 1675 332 1738 cnini
356 1673 462 1758 Opera
485 1675 595 1739 omnia
618 1674 664 1740 ed.
688 1673 825 1758 Froben,
849 1673 961 1738 Abbas
986 1669 1097 1736 Sancti

242 1762 432 1827 Emmerani
471 1762 731 1829 Ratisbonensis.
794 1763 963 1826 Ratisbon.
1002 1760 1098 1842 1770,

243 1852 336 1916 Tom.
358 1850 405 1932 H,
429 1875 459 1934 p.
479 1849 542 1915 597
559 1873 605 1935 sq.
631 1882 673 1904 =
702 1851 827 1935 Migne‚
854 1850 977 1914 Patrol.
1005 1848 1096 1912 Tom.

246 1941 326 2019 101,
354 1962 383 2022 p.
405 1937 490 2004 1359
511 1961 556 2022 sq.
604 1939 720 2004 Codice
748 1961 825 2003 usus
854 1941 903 2003 est
930 1937 1097 2001 Frobenus

243 2027 480 2092 Millstadtensi
503 2049 603 2110 eoque
627 2029 764 2111 optim03
788 2048 882 2111 quem
902 2047 1097 2109 quamquam

244 2117 316 2198 ipse
348 2137 411 2179 non
439 2116 506 2180 vidi
534 2151 579 2162 -
609 2139 646 2180 ac
676 2138 717 2180 ne
748 2116 815 2180 scio
846 2115 990 2198 quidem,
1019 2134 1098 2178 num

244 2205 430 2269 etiamnunc
452 2205 486 2267 in
510 2204 629 2288 oppido
650 2203 810 2269 Millstadt
832 2203 970 2268 exsistat
988 2240 1031 2249 —
1049 2205 1098 2266 ta·

244 2314 322 2445 pren
339 2292 518 2444 pebrmpltas
538 2294 606 2357 eius
626 2294 779 2394 lectiones
797 2293 945 2444 pptimas
970 2313 1008 2443 gx
1028 2290 1097 2443 telelli·

260 2402 336 2444 lone
395 2403 431 2446 ro
457 2403 573 2445 emana
605 2402 742 2464 cognovi
777 2401 874 2464 aque
908 2402 942 2444 m
990 2401 1027 2443 ex
1066 2401 1098 2442 m

245 2469 362 2553 recepi.
421 2470 583 2534 Attribuit
622 2469 755 2534 editioni
793 2468 1013 2533 Frobenianae
1049 2467 1099 2532 vir

245 2558 360 2622 doctus
393 2557 547 2622 Rieberer
582 2559 706 2642 aliquot
741 2557 980 2622 emendationes
1012 2555 1098 2620 haud

246 2646 455 2730 spernendas,
479 2668 557 2730 quas
582 2668 639 2710 suo
664 2647 735 2711 loco
760 2645 1020 2711 commemoravi.

171 2752 212 2815 In
239 2750 348 2815 codice
366 2750 597 2815 Millstadtensi
617 2752 793 2835 subscripti
817 2755 894 2815 sunt
915 2751 951 2815 hi
973 2771 1098 2815 versus:

149 2875 229 2929 Gens
248 2871 404 2940 bragmana
424 2871 537 2939 quidem
555 2870 634 2925 miris
653 2890 724 2941 quae
744 2872 868 2928 moribus
888 2873 966 2924 extat

210 2957 266 3012 Hic
285 2957 401 3026 legam,
420 2959 509 3012 lector
527 2961 620 3013 mente
639 2960 722 3013 fidem
741 2959 845 3015 videat.

151 3049 208 3103 Hic
229 3045 312 3100 Pauli
331 3048 360 3101 et
378 3047 499 3127 Senecae
518 3046 642 3102 breviter
659 3065 793 3116 responsa
811 3048 956 3117 leguntur,

190 3137 339 3202 Quaenam
358 3135 469 3190 notavit
487 3134 599 3190 nomine
618 3136 735 3204 quisque
755 3152 818 3200 su03

150 3227 236 3293 Quae
254 3224 321 3292 tibi,
341 3223 455 3292 Magne,
475 3225 559 3279 decus
579 3225 688 3293 mundi,
709 3225 738 3278 et
756 3220 910 3276 clarissime
930 3217 1044 3287 Caesar,

188 3313 310 3368 Albinus
329 3311 419 3378 misit,
440 3327 554 3365 munera
572 3329 672 3380 parva,
692 3314 764 3364 tuns.

169 3442 311 3507 Miserat
337 3438 437 3521 Igitur
462 3437 619 3501 Aleuinus
644 3436 758 3501 Oarolo
783 3433 902 3517 Magno
933 3431 1098 3516 epistolas,

77 3555 158 3617 quas
184 3535 217 3597 et
245 3526 435 3593 Alexander
455 3525 689 3608 Dindimusque
714 3528 745 3587 et
769 3522 890 3588 Seneca
913 3520 1100 3608 Paulusque
