2362 3938
134 199 176 262 82
556 192 666 247 nnus
684 192 720 248 11.

134 357 337 443 supplicetis,
366 377 434 421 non
463 355 612 440 improbo
641 354 694 418 vel
722 375 830 419 serum
857 352 1045 438 poenitendi
1077 375 1148 418 con·

134 448 251 513 silium.
297 443 360 510 Sed
387 445 473 510 eninr
501 444 613 527 utique
636 463 695 507 vos
724 443 872 528 exempla
894 442 1057 507 ducebant
1079 463 1149 526 per-

133 536 209 602 inde
228 556 320 600 arma
337 539 450 599 nostra
468 535 505 597 ut
522 531 623 596 Xerxi
641 530 771 596 Persica
790 552 887 614 posse
905 531 1053 614 propelli.
1091 529 1149 594 Sat

134 626 235 711 igitur
263 625 320 706 sit,
349 621 435 707 quod
458 621 497 685 de
519 622 658 703 utroque
682 620 846 684 diversum
868 619 1019 686 fortunae
1043 641 1148 684 sense-

109 711 231 780 aritis?
276 712 321 778 Et
348 733 421 776 cum
447 709 498 773 his
527 708 623 772 dictis
651 707 810 772 facessere
832 709 983 792 protinus
1011 708 1149 772 militem

136 825 232 869 suum
260 801 301 865 ab
328 797 565 884 expugnatione
590 795 679 860 urbis
707 795 968 862 Lacedaemonos
995 797 1086 862 iubet
1111 796 1149 860 li-

134 892 311 974 beramque
331 908 403 951 eam
425 889 459 950 et
477 885 518 949 ad
536 884 676 948 formam
695 885 852 968 pristinae
870 885 1054 950 maiestatis
1074 886 1149 951 civi·

135 981 196 1045 bus
218 977 331 1043 haberi
354 972 524 1058 permittit.

226 1063 284 1132 21.
321 1062 412 1126 Tunc
439 1060 535 1125 rebus
564 1059 717 1127 Graeciae
745 1062 793 1127 sic
823 1063 1013 1145 compositis
1041 1063 1088 1127 ire
1115 1065 1150 1128 in
1177 1063 1181 1092 ¹

96 1176 122 1216 ro
136 1155 293 1220 barbaros
311 1151 417 1215 tendit
434 1150 550 1214 itinere
568 1170 626 1233 per
645 1147 793 1215 Ciliciam
813 1151 971 1218 ordinato.
1008 1149 1055 1216 At
1073 1173 1148 1217 vero

133 1241 255 1308 Darius
274 1238 442 1305 conductis
460 1237 497 1302 in
513 1259 616 1302 unum
630 1240 815 1322 satrapibus
835 1239 993 1305 universis
1012 1245 1046 1304 et
1065 1241 1150 1306 duci·

134 1332 195 1395 bus
223 1326 368 1392 bellandi
396 1326 532 1391 consilia
555 1328 733 1410 quaerebat
760 1327 949 1412 frequenter
977 1328 1151 1394 admodum

134 1417 289 1499 recolens,
311 1418 349 1480 ut
371 1435 405 1479 se
424 1414 535 1496 opinio
554 1436 651 1499 super
671 1415 857 1482 Alexandro
876 1416 1036 1482 frustrata
1054 1418 1148 1484 foret.

136 1506 262 1590 Quippe
280 1503 371 1569 illum
389 1503 597 1567 incrementis
617 1503 753 1568 bellicae
771 1505 820 1569 rei
839 1505 992 1571 audiebat
1007 1507 1149 1590 quotidie

96 1615 123 1656 ro
137 1593 313 1676 sublimari,
336 1611 431 1674 quem
455 1611 551 1674 saepe
570 1591 789 1657 latrunculum
807 1593 1024 1677 nominasset3
1045 1617 1150 1680 neque

136 1705 206 1747 sese
235 1682 301 1746 iam
330 1679 455 1743 nescire
485 1701 603 1764 anceps
633 1680 696 1746 sibi
726 1685 759 1745 et
786 1682 912 1748 viribus
942 1682 1088 1748 hostium
1119 1688 1151 1748 et

134 1769 263 1853 imperii
295 1768 465 1832 maiestate
496 1768 567 1832 fieri
602 1773 776 1834 certamen.
832 1771 957 1855 Quippe
993 1774 1057 1837 etsi
1089 1772 1151 1838 sibi

136 1857 261 1924 auctior
289 1877 443 1921 numerus
471 1857 685 1922 militantium
711 1858 955 1944 obsequeretur,
983 1861 1150 1926 audaciam

135 1951 245 2012 tamen
268 1943 559 2028 fortitudinemque·
585 1967 620 2010 se
643 1944 822 2010 Alexandri
846 1947 1008 2014 demirari.
1054 1949 1151 2014 Deni-

96 2054 123 2094 so
137 2055 198 2119 que
215 2032 374 2115 pudorem
392 2052 487 2097 suum
504 2033 592 2098 haud
610 2033 708 2099 dubio
725 2034 901 2118 fatebatur,
924 2037 1011 2119 quod
1034 2039 1064 2102 ei
1082 2040 1150 2103 viro

135 2123 235 2206 pilam
257 2120 483 2205 habenamque
506 2121 663 2202 misisset,
691 2143 774 2205 quae
799 2123 901 2187 cuivis
925 2127 1030 2208 magis
1054 2149 1151 2209 quam

135 2208 184 2274 illi
206 2208 248 2272 ad
270 2208 432 2273 virtutum
455 2208 608 2273 meritum
630 2208 722 2272 iuxta
745 2214 861 2273 essent.
903 2209 993 2295 Ergo
1017 2213 1153 2277 iubebat

135 2316 247 2362 omnes
270 2294 499 2360 incommune
522 2295 705 2379 consipere,
728 2295 806 2378 quid
828 2295 916 2360 facto
939 2299 1056 2362 melius
1079 2322 1151 2384 rep-

134 2383 304 2468 perissent.
355 2379 469 2465 Neque
499 2382 587 2445 enim
616 2381 799 2448 cessatione
830 2388 887 2447 aut
916 2384 1038 2451 desidia
1068 2409 1151 2473 opus

95 2490 122 2534 rs
135 2476 220 2557 esse,
246 2470 281 2534 in
303 2469 401 2533 hosce
424 2471 595 2552 provectus
619 2467 799 2536 Alexandri
821 2471 996 2538 virtutibus
1019 2497 1151 2560 procur-

135 2559 292 2639 rentibus,
315 2577 450 2639 cumque
473 2556 508 2619 in
528 2576 598 2620 sese
616 2558 777 2639 paulatim
796 2559 884 2625 vices
902 2564 1071 2649 utriusque
1094 2589 1151 2631 no-

136 2647 232 2712 minis
262 2644 480 2726 demutarent,
510 2663 591 2726 quas
623 2646 668 2708 sic
698 2646 734 2710 in
764 2651 964 2715 contrarium
993 2656 1152 2720 resultare

135 2757 202 2800 non
224 2733 346 2815 absque
369 2731 480 2795 divina
502 2731 710 2813 providentia
733 2736 969 2822 arbitrabatur,
997 2748 1034 2807 ut
1057 2765 1151 2808 omne

135 2821 217 2888 illud
234 2818 426 2886 diadematis
440 2818 562 2882 Persici
577 2817 673 2885 decus
687 2821 789 2888 ferme
808 2825 875 2890 iam
893 2828 927 2892 in
942 2828 1153 2897 Macedonica

96 2931 237 2995 soregna
258 2906 438 2973 transisset.
484 2904 529 2969 Et
552 2904 633 2971 haec
658 2909 788 2992 quidem
812 2912 932 2978 Darius
957 2918 998 2980 ad
1022 2940 1106 2983 suos.

226 3114 388 3182 texemplo
407 3111 509 3168 docent
527 3110 559 3164 P.
614 3116 728 3181 4quod
747 3123 774 3170 Τ.
804 3119 873 3185 quid
891 3120 968 3176 A.P.
1029 3124 1151 3180 6Laee·

137 3190 271 3244 demonos
289 3192 318 3242 Τ.
340 3181 556 3238 Lacedaemonis
574 3181 652 3235 AP.
681 3183 840 3253 liberatque
859 3195 886 3244 Τ.

225 3257 274 3314 21.
307 3261 339 3312 17
359 3256 389 3310 et
406 3252 459 3308 sibi
467 3252 503 3307 A.
560 3256 596 3305 20
616 3254 667 3306 aut
685 3253 826 3311 dubiael.
846 3262 896 3312 aut
915 3259 1054 3315 dubueA.
1075 3264 1151 3320 haud

136 3328 253 3383 dubium
273 3327 308 3381 P.
380 3329 414 3378 22
432 3321 578 3378 virtutium
597 3322 632 3401 A..
657 3321 760 3377 virium
779 3331 807 3380 Τ.
840 3326 919 3383 iuxta
938 3331 1050 3386 MP.
1076 3335 1152 3391 iusta

135 3399 202 3454 Mai
210 3400 281 3452 coni.
313 3396 463 3451 iuvebatr.
500 3396 534 3448 23
553 3399 735 3459 consrperer.
754 3396 941 3462 consipireA.
961 3402 1108 3470 concipere
1117 3407 1151 3462 P.

128 3466 327 3523 factoMP.
346 3463 531 3522 faotuEbert.
568 3467 603 3515 25
621 3463 738 3517 essetA.
767 3463 819 3518 hos
829 3465 864 3517 P.
901 3472 936 3521 26
955 3480 1152 3541 eumquaeA,

136 3542 170 3593 28
189 3537 379 3593 arbitrabatur
395 3535 467 3590 Mai.
487 3531 697 3588 arbitrabantur
707 3533 743 3586 A.
753 3533 786 3587 P.
838 3540 872 3589 29
891 3536 1100 3600 dediadematis
1114 3551 1151 3603 A.
