2362 3938
340 106 759 164 ARGONAUTICON'LIBER
776 111 797 165 Ι.
1031 112 1073 178 21

133 258 288 319 -Τ7777777
311 265 376 318 tum
400 275 482 318 sacra
506 257 570 318 loui
594 257 763 338 Stygiisque
787 258 902 321 serebat
1020 274 1072 326 770

50 348 192 409 manibus
215 345 365 407 Alcimede
389 354 474 408 tanto
498 365 589 426 super
612 349 701 408 anxia.
719 355 798 428 nato,

50 436 154 518 siquid
178 435 214 497 ah
239 437 343 496 excitis
366 435 473 496 melius
496 444 708 516 praenosceret
730 435 854 497 umbris.

51 529 155 608 ipsum
178 527 269 587 etlam
293 527 433 604 curisque
456 542 560 604 parem
584 525 716 604 talesque
740 534 927 604 prementem

52 617 146 678 corde
170 621 269 676 metus
291 615 388 694 ducit,
411 613 527 674 facilem
550 624 663 695 tamen,
686 613 802 674 Aesona
825 616 963 676 coniunx.

53 709 86 768 in
111 703 269 766 scrobibus
293 721 383 764 cruor
406 710 437 763 et
459 701 560 782 largus
582 702 806 781 Phlegethontis
830 706 927 784 operti
1022 715 1073 767 777

55 802 172 874 stagnat
195 793 304 875 honos,
327 809 478 869 saeuoque
501 799 588 852 uocat
611 791 779 870 grandaeua
801 792 932 854 tumultu

54 883 207 945 Thessalis
231 884 382 943 exanimes
405 888 507 942 atauos
530 898 712 960 magnaeque
735 889 876 960 nepotem

55 972 204 1032 Pleiones
250 980 281 1032 et
303 973 362 1031 iam
385 978 492 1031 tenues
516 970 551 1031 ad
575 971 706 1030 carmina
728 969 831 1030 uultus

57 1060 205 1121 extulerat
228 1068 416 1137 maestosque
440 1068 527 1119 tuens
551 1067 712 1137 natumque
736 1076 913 1138 nurumque.

57 1149 126 1210 talia
150 1147 240 1210 lihato
263 1146 411 1227 pandebat
434 1150 577 1226 sanguine
600 1146 758 1209 Cretheus:
1024 1158 1076 1211 740

59 1233 156 1300 ‘mitte
180 1245 292 1318 metus,
315 1237 396 1296 uolat
413 1236 463 1296 ille
487 1238 562 1296 mari
585 1245 787 1316 quantumque
811 1239 1000 1317 propinquat,
1076 1254 1081 1261 ·

57 1329 115 1387 iam
140 1328 233 1405 magis
257 1326 353 1404 adque
376 1327 470 1404 magis
493 1327 585 1386 uariis
609 1332 709 1403 stupet
731 1325 791 1385 Aea
814 1327 939 1385 deorum

58 1416 202 1495 prodigiis
226 1417 423 1493 quatiuntque
446 1422 548 1474 truces
571 1412 690 1473 oracula
714 1411 848 1473 Colchos.

59 1503 117 1563 heu
141 1503 251 1583 quibus
275 1502 443 1581 ingreditur
467 1500 567 1563 lactis!
591 1504 643 1580 qui
665 1499 804 1579 gentibus
827 1500 948 1580 horror·

60 1591 171 1672 pergit!
194 1610 263 1652 mox
288 1591 425 1671 Scythiae
449 1589 552 1672 spoliis
576 1589 761 1669 nuribusque
785 1587 933 1669 superhus
1024 1598 1076 1649 747

60 1681 211 1761 adueniet3
235 1697 377 1760 cuperem
400 1682 464 1759 ipse
487 1697 594 1760 greum
617 1687 682 1741 tum
704 1696 845 1758 rumpere
868 1685 974 1738 terras.
1117 1684 1120 1689 ’

61 1769 112 1830 sed
136 1768 191 1830 tihi
212 1771 300 1830 triste
324 1768 408 1829 nelas
430 1769 620 1847 fraternaque
644 1767 782 1829 turbidus
805 1784 886 1827 arnna

61 1876 113 1918 rex
136 1865 222 1938 parat
245 1866 276 1919 77
299 1866 405 1917 saeuos
428 1859 542 1917 irarum
565 1858 694 1935 concipit
716 1857 809 1935 ignes.

61 1948 131 2025 quin
155 1948 236 2025 rapis
257 1945 335 2006 hanc
359 1947 486 2006 animam
509 1954 539 2006 et
562 1944 687 2006 famulos
711 1947 790 2006 citus
812 1943 918 2023 effingis
939 1936 1041 2002 ictus?

60 2037 78 2115 i,
100 2053 188 2096 meus
211 2053 257 2116 es,
279 2036 339 2094 iam
361 2043 390 2095 77
413 2037 445 2095 in
468 2033 552 2095 lucos
574 2036 622 2114 pia
645 2032 733 2094 turba
757 2032 898 2095 silentum
1024 2040 1076 2092 770

61 2125 246 2202 secretisque
261 2123 329 2191 ¹ciet
352 2122 480 2184 uolitans
503 2131 588 2202 pater
611 2121 720 2183 Aeolus
743 2115 845 2183 aruis'

148 2210 275 2272 Horruit
296 2213 412 2272 interea
436 2211 579 2272 famulum
602 2211 729 2272 clamore
754 2227 894 2291 supremo

61 2309 173 2362 maesta
196 2299 315 2381 domae,
338 2318 499 2380 regemque
523 2301 609 2361 furor
631 2319 686 2380 per
708 2301 825 2361 moenia
847 2299 946 2360 differt

61 2388 140 2449 mille
165 2391 245 2449 ciere
268 2406 374 2450 manus
398 2397 427 2450 et
450 2391 508 2450 iam
532 2388 607 2450 dare·
625 2391 705 2450 iussa
728 2389 851 2450 uocatis.

60 2475 221 2556 flagrantes
244 2495 310 2537 aras
333 2486 508 2557 uestemque
532 2496 698 2565 nemusque
722 2477 861 2539 sacerdos
1027 2484 1079 2535 777
1110 2475 1117 2482 ”

61 2566 252 2647 praecipitat,
276 2564 443 2644 subitisque
465 2584 579 2646 pauens
603 2568 806 2647 circumspicit
829 2565 936 2646 Aeson,

29 2648 42 2677 ²
62 2652 132 2733 quid
157 2661 284 2714 moueat.
330 2656 415 2732 quasi
437 2654 528 2716 multa
552 2654 598 2715 leo
622 2664 780 2716 cunctatur
801 2656 833 2714 in
857 2661 921 2714 arta

61 2741 137 2803 mole
162 2744 263 2803 uirum
287 2743 454 2822 rictumque
478 2760 601 2822 gemens
624 2754 654 2804 et
677 2744 789 2806 lumina
810 2743 934 2822 pressit:

63 2833 105 2891 sic
129 2848 220 2892 curae
244 2829 363 2892 subiere
387 2830 507 2912 ducem,
531 2831 683 2892 ferrumne
707 2837 842 2910 capessat

61 2917 171 2979 inbelle
196 2927 285 2998 atque
309 2921 376 2979 aeui
399 2922 500 2980 senior
522 2922 685 2998 gestamina
707 2920 797 2997 primi
1028 2925 1081 2977 770

62 3024 99 3067 an
121 3016 225 3088 patres
248 3009 393 3086 regnique
417 3015 504 3068 acuat
526 3005 665 3068 mutabile
689 3005 808 3084 uulgus.

63 3103 170 3156 contra
194 3096 288 3157 elium
310 3112 417 3156 manus
439 3095 626 3175 haerensque
649 3097 680 3156 in
703 3102 825 3175 pectore
850 3093 980 3153 coniunx

64 3176 123 3244 ‘me
149 3178 282 3263 quoque'
305 3185 346 3245 ait
369 3179 469 3246 ‘casus
491 3186 631 3245 comitem
654 3184 834 3263 quicumque
857 3182 1038 3260 propinquat

63 3272 207 3353 accipies,
230 3289 287 3333 nec
309 3272 370 3332 lata
393 3272 507 3334 traham
530 3279 692 3351 natumque
716 3269 825 3332 uidebo

61 3366 90 3419 te
116 3362 195 3442 sine,
218 3369 264 3420 sat
287 3360 360 3422 caeli
383 3364 513 3442 patiens,
536 3378 604 3422 cum
626 3362 722 3440 prima
744 3378 799 3439 per
821 3358 913 3420 altum
1027 3368 1078 3420 777

60 3447 129 3509 uela
151 3447 247 3531 dedit,
269 3452 355 3529 potui
378 3467 453 3529 quae
477 3457 592 3510 tantum
615 3449 694 3510 ferre
718 3442 871 3509 dolerem?

1150 3298 1165 3383 d
