2362 3938
423 159 539 215 AGTUS
557 157 779 216 Anaxarvnal.
1055 161 1096 224 71

82 320 209 388 scilicet
241 323 437 388 contumelia
471 326 585 387 nostra
620 322 739 386 iniuria
773 322 973 409 continetur,
1012 325 1098 409 quod

81 412 179 496 illud,
207 411 361 495 quidquid
383 413 530 475 nostrum
553 411 759 476 universitati
782 412 950 496 moliatur,
978 413 1012 477 in
1041 413 1115 479 illo·

82 501 193 584 priore
213 500 400 585 signaverit.
439 499 472 564 Is
492 520 569 584 ergo
589 500 839 584 exspectabitur,
856 503 893 564 ut
910 503 1097 585 praesentia

81 591 198 654 nostra
220 592 402 672 moveatur,
431 609 527 672 quem
551 586 745 672 Stesagorae
771 610 915 673 purpura
938 593 971 654 et
993 592 1098 676 magi-

83 681 209 742 stratus
247 677 398 762 facesque
432 676 566 740 minime
600 681 786 761 moverunt,
826 698 899 741 oum
933 678 968 741 in
1004 678 1121 745 illiuss

82 767 180 830 unius
210 766 352 830 nominis
383 765 542 850 dignitate
575 786 675 850 puero
707 765 762 830 isti
794 766 964 831 universae
994 765 1099 834 Athe-

82 856 245 919 niensium
275 854 382 918 curiae
409 854 564 918 maiestas
592 853 790 919 obviareta
771 858 867 938 atque
895 855 997 920 oculis
1028 857 1096 921 eius

83 965 155 1008 sese
180 947 213 1006 et
199 943 286 1007 tvul
288 943 376 1007 tibus
399 946 507 1007 ostent
511 946 589 1026 aret,
613 942 717 1026 siquid
740 946 849 1007 tamen
873 946 959 1008 recte
984 967 1097 1029 sapere

83 1030 273 1096 didicisset?
303 1031 336 1096 Is
356 1051 433 1116 ergo
456 1035 605 1095 nostram
623 1032 844 1133 praesentiam
867 1031 979 1096 mitius
1004 1055 1099 1118 oppe-

82 1121 199 1203 rietur,
233 1141 274 1183 an
302 1141 409 1204 mage,
438 1141 510 1184 cum
539 1121 671 1183 semel
660 1142 696 1184 m
719 1121 787 1184 eius
815 1143 930 1186 manus
952 1123 1138 1204 potesta-10

81 1213 215 1291 temque
235 1209 427 1291 venerimus,
450 1208 543 1272 dedet
529 1208 736 1293 tsuppliciis
760 1210 810 1273 ult
795 1209 1001 1294 tionibusque
1021 1233 1099 1295 poe-

82 1296 237 1361 nalibus‘?

176 1383 209 1450 7.
246 1385 291 1449 Et
312 1384 393 1449 baec
418 1385 546 1469 quidem
570 1386 636 1450 sint
659 1385 746 1451 diota
768 1385 806 1450 de
829 1386 984 1451 moribus
1022 1386 1096 1453 Huc
1114 1397 1159 1447 11.

81 1478 197 1538 tamen
227 1473 334 1537 addite
366 1474 487 1556 aliquid
518 1474 617 1538 etiam
649 1475 688 1538 de
721 1475 788 1538 eius
822 1478 939 1558 aetate,
971 1476 1003 1538 iu
1034 1497 1099 1558 qua

83 1563 259 1626 aestimato
288 1562 441 1645 perfacile
473 1567 537 1645 est,
569 1562 654 1646 quod
686 1563 743 1626 illa
776 1562 929 1627 dimicare
958 1563 1097 1628 forsitan
1111 1583 1137 1622 15

84 1650 315 1735 confidentius,
345 1652 511 1715 consulere
542 1651 722 1716 dementius
750 1651 864 1735 possit.
914 1650 1098 1730 Enimvero,

84 1740 146 1821 ait,
175 1738 292 1822 Tyrios
316 1739 445 1803 excidit:
474 1740 686 1824 nequeenim
710 1741 862 1822 poterant
888 1738 937 1801 illi
960 1738 1099 1805 forsitan

84 1828 251 1892 restitisse.
290 1826 463 1893 Thebanos
488 1828 617 1893 evertit:
641 1850 706 1893 non
729 1827 805 1892 illos
824 1826 954 1911 quidem
976 1827 1097 1892 inertes

85 1920 143 1980 aut
170 1916 248 1980 belli
278 1915 402 1980 artibus
432 1916 568 1997 alienos,
597 1916 651 1979 sed
680 1916 766 1986 enim
793 1914 1013 1997 frequentibus
1044 1915 1098 1980 ad-

83 2004 214 2069 modum
249 2004 487 2069 discriminibus
520 2005 687 2090 fatigatos.
739 2003 1008 2087 Peloponnesios,
1042 2005 1097 2089 ait,
1112 2023 1138 2063 ao

84 2093 274 2178 captivitate
297 2093 446 2174 subiecit,
470 2115 573 2177 neque
597 2093 659 2156 hoc
683 2092 786 2156 addit:
813 2113 880 2156 non
902 2091 1003 2176 bello,
1030 2114 1097 2158 non

83 2183 173 2263 telis,
203 2182 365 2246 enimvero
393 2182 446 2245 lue
470 2184 639 2265 corruptos
663 2184 697 2245 et
719 2181 812 2245 fame.
857 2178 921 2246 Hie
945 2203 1045 2267 nunc,
1069 2183 1098 2247 si

83 2271 204 2354 placet,
232 2270 284 2333 hic
308 2291 384 2333 sane
408 2270 551 2355 proferte
573 2269 607 2334 in
632 2269 772 2334 medium
794 2274 910 2334 nostra
932 2268 1095 2355 Xerxique

83 2359 319 2442 experimenta,
347 2358 402 2440 qui
431 2381 519 2423 mare
547 2358 688 2423 molibus
712 2359 880 2442 presserit,
908 2359 963 2442 qui
992 2360 1094 2424 altum

83 2447 164 2511 illud
187 2448 325 2511 navibus
350 2448 514 2530 straverit,
563 2447 597 2511 ui
624 2450 746 2512 terram
772 2448 862 2512 illam
886 2469 1016 2512 omnem
1043 2470 1094 2513 ex·
1111 2466 1137 2507 25

84 2537 188 2601 ercitu
221 2557 278 2599 suo
310 2536 444 2618 texerit,
477 2536 533 2620 qui
565 2541 640 2600 atra
671 2536 779 2620 ipsum
811 2536 884 2600 telis
916 2536 1096 2620 iaculisque

83 2624 249 2689 velaverit.
294 2623 418 2688 Deinde
447 2624 539 2689 illum
563 2624 692 2708 quidem
716 2625 837 2690 Persen
866 2623 945 2691 adeo
972 2625 1098 2709 spiran-

83 2715 151 2777 tem
180 2715 213 2777 et
240 2712 453 2777 confidentem
482 2713 649 2798 abegimus
684 2713 824 2779 incensis
858 2713 926 2778 eius
960 2714 1097 2778 navibus

85 2806 141 2865 aut
165 2801 263 2865 etiam
283 2801 457 2884 superetiS,
481 2804 514 2865 et
536 2804 587 2866 tot
608 2801 667 2866 illa
686 2802 777 2866 milia
796 2802 954 2867 exercitus
974 2802 1015 2865 ab
1029 2801 1098 2865 bac

85 2891 216 2953 civitewet
243 2890 421 2972 repulimus
450 2886 632 2975 Cynaegiro
661 2893 693 2954 et
720 2889 921 2973 Antiphonte
950 2893 983 2953 et
1009 2888 1095 2952 Mne·
1111 2905 1138 2946 eo

85 2978 247 3042 sicharmo
274 2977 422 3130 aliisquet
433 3000 497 3042 non
520 2979 632 3044 multis
658 2978 708 3041 illi
731 2978 903 3042 violentiae
928 2997 1098 3040 occursan-

83 3067 180 3131 tibus.
236 3065 330 3130 Nunc
367 3071 422 3130 aut
424 3089 474 3131 em
511 3090 587 3150 nos,
624 3087 767 3165 quorum·
799 3066 895 3128 duces
932 3063 1097 3144 roburque

85 3155 203 3218 virium
226 3176 414 3219 enumerare
438 3155 568 3220 difficile
592 3158 650 3236 est,
673 3152 770 3216 reniti
743 3150 978 3216 tAlexandro
1002 3149 1097 3213 decli-

175 3309 303 3365 7curiae
323 3311 416 3365 Mai.
424 3328 506 3366 curae
524 3313 560 3364 A
566 3310 598 3366 P.

177 3382 204 3436 7
235 3382 408 3436 1311ch
448 3388 480 3436 18
500 3381 598 3437 nonP
626 3378 734 3434 namA.
773 3383 807 3434 26
826 3375 956 3431 exeritA
994 3379 1060 3428 27r

85 3453 160 3505 euim
183 3452 264 3505 illum
288 3453 401 3521 quidem
425 3453 526 3506 Eberh.
563 3451 665 3504 Persen
688 3449 758 3503 adeo
781 3450 818 3503 A.
859 3463 971 3518 peona
993 3447 1040 3501 cto

87 3528 120 3575 33
140 3521 344 3577 declinabimus
364 3523 437 3579 Mai.
471 3518 672 3577 declinavimus
691 3520 726 3575 A
735 3520 768 3576 P.
