2376 3938
436 210 563 267 OBITUS
581 211 802 268 ALEXANDRI.
1061 214 1125 279 165

203 372 262 440 57.
283 373 369 439 Dato
388 375 488 458 igitur
506 374 569 438 hoc
587 395 743 457 responso
762 375 871 440 nullus
891 377 1038 441 omnium
1073 383 1185 440 XXXII.

112 463 296 548 refragatus
317 468 375 545 est,
396 464 474 547 quin
492 464 540 526 ita
558 463 660 546 fieret,
681 467 718 528 ut
737 463 814 527 deus
832 465 983 528 iusserat.
1020 464 1126 551 Igitur
1143 468 1179 518 91

114 553 147 616 in
170 551 356 636 Aegyptum
381 573 498 637 corpus
521 551 700 616 Alexandri
723 551 888 616 ferebatur
913 553 1033 618 feretro
1058 554 1126 638 qui-

114 640 185 705 dem
214 640 367 721 regaliter
394 644 567 723 exornato,
594 641 810 705 tumultuario
838 662 915 706 vero
944 641 1125 706 conditorio

114 751 130 791 e
163 729 291 813 plumbi
324 730 478 812 materia,
516 750 644 812 quoque
678 734 765 793 esset
796 726 995 813 unguinibus
1029 735 1153 816 atques

113 818 300 902 pigmentis,
324 839 406 901 quae
425 817 593 882 servandis
612 817 802 901 corporibus
827 821 910 903 sunt,
933 819 1037 883 tutius
1056 840 1127 906 per·

112 928 253 969 manere.
295 904 417 970 Vectus
440 906 544 991 igitur
566 928 687 990 pompa
710 906 923 991 vehiculoque
946 908 1050 992 regali
1074 908 1128 972 aaa

114 995 153 1058 ad
178 995 344 1058 Pelusium
373 995 489 1058 advehi
512 996 682 1059 nuntiatus
711 998 775 1079 est,
803 1017 916 1060 omnes
945 996 1051 1060 eiusce
1079 1017 1127 1060 re·

115 1083 221 1165 gionis
249 1104 399 1166 proceres
428 1105 465 1147 ac
494 1083 675 1148 sacerdotes
703 1079 769 1148 una
796 1105 869 1148 cum
898 1082 961 1148 diis
989 1106 1026 1148 ac
1054 1084 1129 1148 reli·

114 1172 264 1254 gionibus
282 1172 349 1236 suis
365 1172 494 1236 obviam
509 1193 705 1255 processere,
723 1171 883 1237 iuniorem
898 1169 1127 1238 Sesonchosim
1142 1193 1168 1234 ιο

113 1260 266 1323 venerati.
294 1259 436 1324 Vulcani
455 1282 582 1344 quoque
601 1282 675 1324 eum
693 1261 912 1344 appellatione
932 1262 1128 1344 salutabant,

114 1349 200 1433 quod
231 1348 316 1412 hunc
347 1370 424 1431 prae
454 1352 578 1414 ceteros
606 1348 701 1412 deum
729 1350 786 1413 illa
812 1371 889 1433 pars
916 1350 1129 1414 arbitraretur

114 1437 256 1501 orientis.
294 1436 471 1502 Enimvero
492 1438 575 1502 exim
595 1459 634 1501 ex
653 1437 817 1501 sententia
834 1438 1002 1502 numinum
1048 1443 1174 1499 XXXIII.

113 1526 287 1609 prophetes
316 1525 411 1590 docet
438 1548 505 1589 non
535 1526 619 1610 apud
642 1525 822 1609 Memphim
845 1547 972 1589 sacrum
1002 1547 1128 1609 corpus,
1145 1529 1183 1580 92

114 1636 225 1681 verum
252 1614 484 1679 Alexandriam
512 1613 645 1697 pervehi
673 1618 836 1698 oportere,
864 1614 950 1697 quod
979 1614 1028 1677 illi
1055 1615 1126 1679 loco
1141 1636 1167 1676 rs

114 1706 146 1766 et
176 1707 287 1767 auctor
315 1704 464 1767 conditus
492 1703 592 1767 fuerit
620 1706 652 1765 et
680 1703 782 1766 tutela
809 1703 860 1765 vel
888 1702 1030 1766 maxima
1057 1723 1127 1786 per-

113 1795 210 1874 petuo
225 1792 335 1855 futura
353 1796 551 1856 nosceretur.
584 1790 721 1855 Perinde
740 1791 826 1869 enim
842 1791 1129 1874 inexpugnabilem

114 1881 220 1944 locum
245 1879 339 1943 illum
362 1880 542 1966 praesagiis
567 1879 669 1962 nosci,
691 1882 729 1943 ut
751 1880 820 1963 ipse
840 1900 967 1962 quoque
991 1879 1129 1942 indefes·

116 1991 171 2032 sae
199 1969 328 2033 virtutis
358 1973 408 2033 est
434 1969 578 2034 habitus.
624 1967 774 2052 Erigitur
802 1987 878 2051 ergo
909 1967 1003 2031 aedes
1031 1988 1129 2051 quam

116 2057 257 2121 maximo
278 2079 374 2140 opere
394 2057 434 2121 ad
452 2057 560 2121 instar
578 2056 702 2139 templi,
725 2055 811 2139 quod
834 2056 932 2119 etiam
951 2076 1035 2119 nunc
1054 2055 1129 2119 Ale·
1143 2077 1170 2117 no

114 2145 230 2208 xandri
246 2145 443 2210 nominatur.
477 2145 548 2222 Quo
566 2144 623 2209 ubi
637 2145 779 2229 primum
798 2147 1003 2209 consecratas
1049 2149 1174 2205 XXXIV.

115 2233 269 2317 reliquias
293 2235 445 2318 intulere,
472 2236 579 2299 visum
602 2233 792 2298 Ptolomaeo
820 2236 882 2296 est·
897 2235 1128 2297 testamentum

116 2344 258 2405 quoque,
281 2322 366 2406 quod
390 2323 564 2405 scripserat
586 2323 741 2406 moriens,
764 2321 892 2405 publice
916 2321 1061 2405 recitari,
1082 2321 1130 2384 id·

117 2432 178 2492 que
201 2410 321 2474 lectum
351 2417 400 2474 est
428 2411 529 2475 ferme
558 2412 598 2477 ad
626 2411 710 2475 hano
737 2411 934 2475 sententiam
957 2411 1127 2494 scripturn:
1143 2434 1170 2472 24

208 2497 266 2565 58.
292 2499 500 2580 Alexander,
524 2521 580 2562 rex
603 2499 829 2582 Macedonum,
852 2499 937 2564 dicit.
983 2499 1130 2564 Primum
1149 2509 1186 2565 93

117 2587 234 2650 mando
259 2587 417 2671 iubeoque
440 2588 669 2671 Arrhidaeum,
692 2588 834 2672 Philippi
857 2589 975 2671 filium,
992 2588 1129 2652 interim

205 2866 253 2921 57.
276 2874 288 2920 1
309 2867 363 2921 hoc
381 2883 432 2922 om.
448 2869 483 2924 A.
533 2869 638 2921 2deus
653 2868 688 2922 A.
717 2884 820 2921 numen
836 2868 869 2922 P.
919 2873 973 2921 dc
993 2865 1127 2920 ‘feretro'

116 2951 200 3004 usqae
225 2939 262 2991 od
289 2944 322 2991 13
349 2938 551 2993 ‘arbitraretur
574 2938 707 2992 orientis'
735 2954 784 2992 om.
806 2938 840 2991 P.
914 2936 1036 2990 6tutius
1055 2937 1129 2991 Mat.

117 3006 204 3059 totius
223 3009 258 3062 A.
307 3007 446 3063 'IVectus
460 3011 495 3063 A.
521 3011 559 3063 Ut
572 3009 644 3062 Mai.
687 3007 736 3061 ubi
755 3008 860 3062 addidi.
911 3005 1129 3074 9religionibus

117 3077 189 3131 Mai.
218 3079 378 3148 regionibus
393 3081 428 3133 A.
485 3087 517 3134 11
536 3079 662 3133 venerati
677 3079 748 3133 Mar.
768 3079 884 3132 venerat
898 3077 933 3132 A.
953 3093 1016 3130 eum
1031 3077 1129 3132 Scldee.

118 3149 162 3200 est
180 3151 214 3202 A.
295 3155 327 3203 12
348 3151 455 3205 ceteros
474 3152 510 3206 A.
540 3150 639 3203 ceteris
660 3150 733 3203 Mai.
818 3152 850 3201 13
870 3148 920 3201 sed
939 3163 973 3200 ex
991 3147 1131 3201 sententia

117 3220 264 3273 numinum
296 3220 447 3290 prophetes
482 3221 579 3287 docet,
612 3219 686 3289 apud
717 3217 906 3273 alexandriam
939 3234 1038 3286 corpus
1067 3233 1130 3286 per-

117 3289 183 3343 vehi
202 3293 331 3360 oportere
352 3293 386 3345 P.
438 3296 471 3344 16
492 3291 581 3344 Verba
597 3291 637 3344 ‘et
650 3290 820 3344 tutela—19
835 3290 877 3342 est
890 3283 1016 3342 habitus’
1032 3304 1082 3342 om.
1098 3288 1130 3342 P.

118 3364 151 3412 21
177 3361 265 3416 Verba
290 3362 360 3428 ‘quo
385 3361 615 3415 ubi—intulere’
636 3377 687 3416 om.
709 3362 756 3429 P.,
779 3362 828 3429 qai
849 3361 891 3414 ito
910 3359 1017 3428 per‘qit:
1039 3358 1132 3414 visum

119 3435 162 3483 est
180 3433 264 3486 etiam
283 3433 436 3488 tholomeo.
509 3439 544 3486 23
563 3448 674 3500 quoque
693 3449 743 3489 om.
762 3432 796 3486 P.
1182 3490 1185 3494 ,

118 3573 142 3623 A
207 3503 254 3558 58.
274 3509 309 3556 25
329 3505 509 3558 macedonem
531 3504 563 3556 P.
636 3509 670 3558 26
690 3503 772 3558 iubeo
792 3502 824 3558 P.
853 3501 1040 3556 Arrhidaeum
1058 3501 1131 3558 Mar.

144 3571 257 3627 risteum
277 3576 352 3629 ΑΡ.
