<?xml version="1.0" encoding="UTF-8"?>
<!DOCTYPE html PUBLIC "-//W3C//DTD XHTML 1.0 Transitional//EN"
    "http://www.w3.org/TR/xhtml1/DTD/xhtml1-transitional.dtd">
<html xmlns="http://www.w3.org/1999/xhtml" xml:lang="en" lang="en">
 <head>
  <title>
</title>
<meta http-equiv="Content-Type" content="text/html;charset=utf-8" />
  <meta name='ocr-system' content='tesseract 3.04.00' />
  <meta name='ocr-capabilities' content='ocr_page ocr_carea ocr_par ocr_line ocrx_word'/>
</head>
<body>
  <div class='ocr_page' id='page_1' title='image "./domitiivlpianiq00huscgoog/domitiivlpianiq00huscgoog_0529.png"; bbox 0 0 2362 3938; ppageno 0'>
   <div class='ocr_carea' id='block_1_1' title="bbox 251 771 923 1051">
    <p class='ocr_par' dir='ltr' id='par_1_1' title="bbox 251 771 923 1051">
     <span class='ocr_line' id='line_1_1' title="bbox 370 771 798 856; baseline -0.005 0"><span class='ocrx_word' id='word_1_1' title='bbox 370 773 405 856; x_wconf 80' lang='grc' dir='ltr'><strong>Ο.</strong></span> <span class='ocrx_word' id='word_1_2' title='bbox 434 772 608 856; x_wconf 74' lang='lat' dir='ltr'><strong>vinnm</strong></span> <span class='ocrx_word' id='word_1_3' title='bbox 634 771 798 855; x_wconf 78' lang='lat' dir='ltr'><strong>rinnel</strong></span> 
     </span>
     <span class='ocr_line' id='line_1_2' title="bbox 251 949 923 1051; baseline -0.001 -2"><span class='ocrx_word' id='word_1_4' title='bbox 251 949 923 1051; x_wconf 74' lang='lat' dir='ltr'><strong>ARGONAUTIOON</strong></span> 
     </span>
    </p>
   </div>
   <div class='ocr_carea' id='block_1_2' title="bbox 378 1104 788 1216">
    <p class='ocr_par' dir='ltr' id='par_1_2' title="bbox 378 1104 788 1216">
     <span class='ocr_line' id='line_1_3' title="bbox 378 1104 788 1216; baseline 0.007 -12"><span class='ocrx_word' id='word_1_5' title='bbox 378 1104 537 1204; x_wconf 73' lang='lat' dir='ltr'><strong>&#39;crans</strong></span> <span class='ocrx_word' id='word_1_6' title='bbox 560 1139 788 1216; x_wconf 74' lang='lat' dir='ltr'><strong>colurus.</strong></span> 
     </span>
    </p>
   </div>
   <div class='ocr_carea' id='block_1_3' title="bbox 27 1478 1096 3499">
    <p class='ocr_par' dir='ltr' id='par_1_3' title="bbox 76 1478 857 1560">
     <span class='ocr_line' id='line_1_4' title="bbox 76 1478 857 1560; baseline 0 -19"><span class='ocrx_word' id='word_1_7' title='bbox 76 1479 177 1542; x_wconf 77' lang='lat' dir='ltr'><strong>Altera</strong></span> <span class='ocrx_word' id='word_1_8' title='bbox 199 1480 250 1543; x_wconf 85' lang='lat' dir='ltr'><strong>lux</strong></span> <span class='ocrx_word' id='word_1_9' title='bbox 273 1479 352 1541; x_wconf 90' lang='lat' dir='ltr'><strong>haud</strong></span> <span class='ocrx_word' id='word_1_10' title='bbox 375 1479 453 1542; x_wconf 86' lang='lat' dir='ltr'><strong>laeta</strong></span> <span class='ocrx_word' id='word_1_11' title='bbox 475 1481 550 1541; x_wconf 73' lang='lat' dir='ltr'><strong>unis</strong></span> <span class='ocrx_word' id='word_1_12' title='bbox 573 1481 696 1540; x_wconf 80' lang='lat' dir='ltr'>emersit</span> <span class='ocrx_word' id='word_1_13' title='bbox 718 1478 857 1560; x_wconf 78' lang='lat' dir='ltr'><strong>Olympo:</strong></span> 
     </span>
    </p>

    <p class='ocr_par' dir='ltr' id='par_1_4' title="bbox 76 1566 821 1649">
     <span class='ocr_line' id='line_1_5' title="bbox 76 1566 821 1649; baseline -0.003 -20"><span class='ocrx_word' id='word_1_14' title='bbox 76 1568 231 1649; x_wconf 76' lang='lat' dir='ltr'><strong>Argolicus</strong></span> <span class='ocrx_word' id='word_1_15' title='bbox 254 1569 366 1629; x_wconf 82' lang='lat' dir='ltr'>morbis</span> <span class='ocrx_word' id='word_1_16' title='bbox 389 1570 515 1648; x_wconf 78' lang='lat' dir='ltr'><strong>satisque</strong></span> <span class='ocrx_word' id='word_1_17' title='bbox 539 1567 695 1646; x_wconf 79' lang='lat' dir='ltr'>rapacibus</span> <span class='ocrx_word' id='word_1_18' title='bbox 718 1566 821 1628; x_wconf 80' lang='lat' dir='ltr'><strong>Idmon</strong></span> 
     </span>
    </p>

    <p class='ocr_par' dir='ltr' id='par_1_5' title="bbox 76 1656 807 1719">
     <span class='ocr_line' id='line_1_6' title="bbox 76 1656 807 1719; baseline -0.001 -2"><span class='ocrx_word' id='word_1_19' title='bbox 76 1656 186 1719; x_wconf 77' lang='lat' dir='ltr'>labitur</span> <span class='ocrx_word' id='word_1_20' title='bbox 209 1659 335 1718; x_wconf 78' lang='lat' dir='ltr'><strong>extremi</strong></span> <span class='ocrx_word' id='word_1_21' title='bbox 357 1657 415 1719; x_wconf 89' lang='lat' dir='ltr'><strong>sibi</strong></span> <span class='ocrx_word' id='word_1_22' title='bbox 437 1658 550 1719; x_wconf 91' lang='lat' dir='ltr'><strong>dudum</strong></span> <span class='ocrx_word' id='word_1_23' title='bbox 573 1659 710 1717; x_wconf 91' lang='lat' dir='ltr'><strong>conscius</strong></span> <span class='ocrx_word' id='word_1_24' title='bbox 733 1658 807 1717; x_wconf 92' lang='lat' dir='ltr'><strong>acui.</strong></span> 
     </span>
    </p>

    <p class='ocr_par' dir='ltr' id='par_1_6' title="bbox 78 1744 871 1807">
     <span class='ocr_line' id='line_1_7' title="bbox 78 1744 871 1807; baseline 0.001 -3"><span class='ocrx_word' id='word_1_25' title='bbox 78 1751 108 1804; x_wconf 88' lang='lat' dir='ltr'><strong>at</strong></span> <span class='ocrx_word' id='word_1_26' title='bbox 130 1761 245 1807; x_wconf 90' lang='lat' dir='ltr'><strong>memor</strong></span> <span class='ocrx_word' id='word_1_27' title='bbox 269 1744 431 1806; x_wconf 74' lang='lat' dir='ltr'><strong>Aesonides</strong></span> <span class='ocrx_word' id='word_1_28' title='bbox 454 1748 580 1806; x_wconf 88' lang='lat' dir='ltr'><strong>nimium</strong></span> <span class='ocrx_word' id='word_1_29' title='bbox 602 1748 661 1805; x_wconf 88' lang='lat' dir='ltr'><strong>iam</strong></span> <span class='ocrx_word' id='word_1_30' title='bbox 683 1762 755 1804; x_wconf 90' lang='lat' dir='ltr'><strong>uera</strong></span> <span class='ocrx_word' id='word_1_31' title='bbox 778 1744 871 1805; x_wconf 85' lang='lat' dir='ltr'><strong>locuti</strong></span> 
     </span>
    </p>

    <p class='ocr_par' dir='ltr' id='par_1_7' title="bbox 77 1831 1088 2001">
     <span class='ocr_line' id='line_1_8' title="bbox 78 1831 1088 1914; baseline -0.002 -22"><span class='ocrx_word' id='word_1_32' title='bbox 78 1831 207 1895; x_wconf 91' lang='lat' dir='ltr'><strong>Phineos</strong></span> <span class='ocrx_word' id='word_1_33' title='bbox 230 1833 300 1894; x_wconf 88' lang='lat' dir='ltr'><strong>hino</strong></span> <span class='ocrx_word' id='word_1_34' title='bbox 323 1834 396 1895; x_wconf 91' lang='lat' dir='ltr'><strong>alios</strong></span> <span class='ocrx_word' id='word_1_35' title='bbox 419 1842 504 1914; x_wconf 93' lang='lat' dir='ltr'><strong>rapto</strong></span> <span class='ocrx_word' id='word_1_36' title='bbox 528 1840 618 1913; x_wconf 89' lang='lat' dir='ltr'><strong>pauet</strong></span> <span class='ocrx_word' id='word_1_37' title='bbox 640 1832 762 1893; x_wconf 79' lang='lat' dir='ltr'><strong>idmona</strong></span> <span class='ocrx_word' id='word_1_38' title='bbox 785 1831 892 1892; x_wconf 88' lang='lat' dir='ltr'><strong>luctus.</strong></span> <span class='ocrx_word' id='word_1_39' title='bbox 1073 1840 1088 1890; x_wconf 75' lang='lat' dir='ltr'><strong>a</strong></span> 
     </span>
     <span class='ocr_line' id='line_1_9' title="bbox 77 1919 836 2001; baseline 0 -20"><span class='ocrx_word' id='word_1_40' title='bbox 77 1929 143 1982; x_wconf 86' lang='lat' dir='ltr'><strong>tum</strong></span> <span class='ocrx_word' id='word_1_41' title='bbox 165 1924 266 1984; x_wconf 90' lang='lat' dir='ltr'><strong>comiti</strong></span> <span class='ocrx_word' id='word_1_42' title='bbox 288 1924 337 2001; x_wconf 86' lang='lat' dir='ltr'><strong>pia</strong></span> <span class='ocrx_word' id='word_1_43' title='bbox 359 1924 437 1983; x_wconf 87' lang='lat' dir='ltr'><strong>insta</strong></span> <span class='ocrx_word' id='word_1_44' title='bbox 459 1922 528 1983; x_wconf 89' lang='lat' dir='ltr'><strong>tulit</strong></span> <span class='ocrx_word' id='word_1_45' title='bbox 551 1921 719 2000; x_wconf 80' lang='lat' dir='ltr'><strong>caelataque</strong></span> <span class='ocrx_word' id='word_1_46' title='bbox 743 1919 836 1982; x_wconf 87' lang='lat' dir='ltr'><strong>multa</strong></span> 
     </span>
    </p>

    <p class='ocr_par' dir='ltr' id='par_1_8' title="bbox 79 2009 688 2091">
     <span class='ocr_line' id='line_1_10' title="bbox 79 2009 688 2091; baseline -0.002 -20"><span class='ocrx_word' id='word_1_47' title='bbox 79 2017 143 2071; x_wconf 84' lang='lat' dir='ltr'><strong>arte</strong></span> <span class='ocrx_word' id='word_1_48' title='bbox 166 2009 293 2072; x_wconf 80' lang='lat' dir='ltr'><strong>Dolionii</strong></span> <span class='ocrx_word' id='word_1_49' title='bbox 316 2010 407 2071; x_wconf 90' lang='lat' dir='ltr'><strong>donat</strong></span> <span class='ocrx_word' id='word_1_50' title='bbox 430 2011 577 2072; x_wconf 87' lang='lat' dir='ltr'><strong>uelamina</strong></span> <span class='ocrx_word' id='word_1_51' title='bbox 599 2012 688 2091; x_wconf 81' lang='lat' dir='ltr'><strong>regis,</strong></span> 
     </span>
    </p>

    <p class='ocr_par' dir='ltr' id='par_1_9' title="bbox 77 2096 1015 2266">
     <span class='ocr_line' id='line_1_11' title="bbox 77 2096 1015 2179; baseline 0 -21"><span class='ocrx_word' id='word_1_52' title='bbox 77 2097 187 2178; x_wconf 86' lang='lat' dir='ltr'><strong>hospes</strong></span> <span class='ocrx_word' id='word_1_53' title='bbox 210 2098 335 2161; x_wconf 88' lang='lat' dir='ltr'><strong>humum</strong></span> <span class='ocrx_word' id='word_1_54' title='bbox 357 2098 519 2179; x_wconf 87' lang='lat' dir='ltr'><strong>sedemque</strong></span> <span class='ocrx_word' id='word_1_55' title='bbox 542 2099 647 2179; x_wconf 81' lang='lat' dir='ltr'><strong>Lycus.</strong></span> <span class='ocrx_word' id='word_1_56' title='bbox 693 2097 768 2158; x_wconf 84' lang='lat' dir='ltr'><strong>flens</strong></span> <span class='ocrx_word' id='word_1_57' title='bbox 789 2115 871 2156; x_wconf 90' lang='lat' dir='ltr'><strong>arma</strong></span> <span class='ocrx_word' id='word_1_58' title='bbox 893 2096 1015 2158; x_wconf 89' lang='lat' dir='ltr'><strong>reueiiit</strong></span> 
     </span>
     <span class='ocr_line' id='line_1_12' title="bbox 78 2184 876 2266; baseline -0.004 -19"><span class='ocrx_word' id='word_1_59' title='bbox 78 2184 209 2248; x_wconf 87' lang='lat' dir='ltr'><strong>Idmonis</strong></span> <span class='ocrx_word' id='word_1_60' title='bbox 232 2206 249 2248; x_wconf 89' lang='lat' dir='ltr'><strong>e</strong></span> <span class='ocrx_word' id='word_1_61' title='bbox 273 2187 353 2249; x_wconf 89' lang='lat' dir='ltr'><strong>celsa</strong></span> <span class='ocrx_word' id='word_1_62' title='bbox 374 2187 496 2266; x_wconf 89' lang='lat' dir='ltr'><strong>Mopsus</strong></span> <span class='ocrx_word' id='word_1_63' title='bbox 518 2194 595 2266; x_wconf 81' lang='lat' dir='ltr'><strong>rate3</strong></span> <span class='ocrx_word' id='word_1_64' title='bbox 618 2186 727 2246; x_wconf 86' lang='lat' dir='ltr'><strong>robora</strong></span> <span class='ocrx_word' id='word_1_65' title='bbox 750 2184 876 2246; x_wconf 87' lang='lat' dir='ltr'><strong>caedunt</strong></span> 
     </span>
    </p>

    <p class='ocr_par' dir='ltr' id='par_1_10' title="bbox 77 2272 1092 2444">
     <span class='ocr_line' id='line_1_13' title="bbox 77 2272 1092 2354; baseline -0.003 -20"><span class='ocrx_word' id='word_1_66' title='bbox 77 2290 148 2354; x_wconf 93' lang='lat' dir='ltr'><strong>pars</strong></span> <span class='ocrx_word' id='word_1_67' title='bbox 172 2274 255 2336; x_wconf 88' lang='lat' dir='ltr'><strong>siluis</strong></span> <span class='ocrx_word' id='word_1_68' title='bbox 278 2283 458 2354; x_wconf 84' lang='lat' dir='ltr'><strong>portantque</strong></span> <span class='ocrx_word' id='word_1_69' title='bbox 481 2293 562 2336; x_wconf 88' lang='lat' dir='ltr'><strong>arae:</strong></span> <span class='ocrx_word' id='word_1_70' title='bbox 585 2292 654 2354; x_wconf 92' lang='lat' dir='ltr'><strong>pars</strong></span> <span class='ocrx_word' id='word_1_71' title='bbox 678 2275 798 2351; x_wconf 82' lang='lat' dir='ltr'><strong>auguris</strong></span> <span class='ocrx_word' id='word_1_72' title='bbox 821 2272 885 2333; x_wconf 86' lang='lat' dir='ltr'><strong>alba</strong></span> <span class='ocrx_word' id='word_1_73' title='bbox 1062 2283 1092 2332; x_wconf 80' lang='grc' dir='ltr'><strong>ιο</strong></span> 
     </span>
     <span class='ocr_line' id='line_1_14' title="bbox 78 2361 938 2444; baseline 0 -24"><span class='ocrx_word' id='word_1_74' title='bbox 78 2361 183 2422; x_wconf 84' lang='lat' dir='ltr'><strong>ironde</strong></span> <span class='ocrx_word' id='word_1_75' title='bbox 208 2372 296 2443; x_wconf 89' lang='lat' dir='ltr'><strong>caput</strong></span> <span class='ocrx_word' id='word_1_76' title='bbox 319 2365 462 2442; x_wconf 87' lang='lat' dir='ltr'><strong>uittisque</strong></span> <span class='ocrx_word' id='word_1_77' title='bbox 486 2363 590 2444; x_wconf 82' lang='lat' dir='ltr'><strong>ligant,</strong></span> <span class='ocrx_word' id='word_1_78' title='bbox 613 2363 802 2441; x_wconf 86' lang='lat' dir='ltr'><strong>positumque</strong></span> <span class='ocrx_word' id='word_1_79' title='bbox 826 2361 938 2421; x_wconf 82' lang='lat' dir='ltr'><strong>feretro</strong></span> 
     </span>
    </p>

    <p class='ocr_par' dir='ltr' id='par_1_11' title="bbox 27 2448 938 2531">
     <span class='ocr_line' id='line_1_15' title="bbox 27 2448 938 2531; baseline -0.001 -22"><span class='ocrx_word' id='word_1_80' title='bbox 27 2478 30 2482; x_wconf 94' lang='lat'>·</span> <span class='ocrx_word' id='word_1_81' title='bbox 79 2466 291 2531; x_wconf 85' lang='lat' dir='ltr'><strong>congemuere;</strong></span> <span class='ocrx_word' id='word_1_82' title='bbox 315 2450 379 2511; x_wconf 89' lang='lat' dir='ltr'><strong>dies</strong></span> <span class='ocrx_word' id='word_1_83' title='bbox 403 2450 492 2511; x_wconf 90' lang='lat' dir='ltr'><strong>simul</strong></span> <span class='ocrx_word' id='word_1_84' title='bbox 515 2458 545 2510; x_wconf 87' lang='lat' dir='ltr'><strong>et</strong></span> <span class='ocrx_word' id='word_1_85' title='bbox 568 2468 641 2510; x_wconf 89' lang='lat' dir='ltr'><strong>suus</strong></span> <span class='ocrx_word' id='word_1_86' title='bbox 664 2448 803 2510; x_wconf 88' lang='lat' dir='ltr'><strong>admonet</strong></span> <span class='ocrx_word' id='word_1_87' title='bbox 825 2466 938 2509; x_wconf 83' lang='lat' dir='ltr'><strong>omnes.</strong></span> 
     </span>
    </p>

    <p class='ocr_par' dir='ltr' id='par_1_12' title="bbox 69 2536 1096 3499">
     <span class='ocr_line' id='line_1_16' title="bbox 122 2536 938 2617; baseline 0 -20"><span class='ocrx_word' id='word_1_88' title='bbox 122 2536 200 2598; x_wconf 86' lang='lat' dir='ltr'><strong>Ecce</strong></span> <span class='ocrx_word' id='word_1_89' title='bbox 224 2541 303 2600; x_wconf 89' lang='lat' dir='ltr'><strong>inter</strong></span> <span class='ocrx_word' id='word_1_90' title='bbox 326 2538 462 2598; x_wconf 87' lang='lat' dir='ltr'><strong>lacrimas</strong></span> <span class='ocrx_word' id='word_1_91' title='bbox 484 2540 623 2617; x_wconf 78' lang='lat' dir='ltr'><strong>interque</strong></span> <span class='ocrx_word' id='word_1_92' title='bbox 647 2544 780 2597; x_wconf 81' lang='lat' dir='ltr'><strong>extrema</strong></span> <span class='ocrx_word' id='word_1_93' title='bbox 802 2539 938 2597; x_wconf 86' lang='lat' dir='ltr'><strong>uirorum</strong></span> 
     </span>
     <span class='ocr_line' id='line_1_17' title="bbox 78 2627 965 2708; baseline -0.001 -22"><span class='ocrx_word' id='word_1_94' title='bbox 78 2643 215 2708; x_wconf 87' lang='lat' dir='ltr'><strong>munera,</strong></span> <span class='ocrx_word' id='word_1_95' title='bbox 239 2645 328 2706; x_wconf 89' lang='lat' dir='ltr'><strong>quem</strong></span> <span class='ocrx_word' id='word_1_96' title='bbox 351 2644 458 2687; x_wconf 90' lang='lat' dir='ltr'><strong>cursus</strong></span> <span class='ocrx_word' id='word_1_97' title='bbox 480 2644 574 2706; x_wconf 88' lang='lat' dir='ltr'><strong>penes</strong></span> <span class='ocrx_word' id='word_1_98' title='bbox 595 2628 813 2704; x_wconf 89' lang='lat' dir='ltr'><strong>imperiumque</strong></span> <span class='ocrx_word' id='word_1_99' title='bbox 837 2627 965 2706; x_wconf 76' lang='lat' dir='ltr'><strong>carinae,</strong></span> 
     </span>
     <span class='ocr_line' id='line_1_18' title="bbox 69 2714 1093 2796; baseline -0.002 -22"><span class='ocrx_word' id='word_1_100' title='bbox 69 2714 197 2795; x_wconf 66' lang='lat' dir='ltr'><strong>Tiphyn</strong></span> <span class='ocrx_word' id='word_1_101' title='bbox 220 2718 279 2794; x_wconf 82' lang='lat' dir='ltr'><strong>agit</strong></span> <span class='ocrx_word' id='word_1_102' title='bbox 297 2715 428 2776; x_wconf 86' lang='lat' dir='ltr'><strong>uiolenta</strong></span> <span class='ocrx_word' id='word_1_103' title='bbox 450 2714 524 2796; x_wconf 81' lang='lat' dir='ltr'><strong>lues,</strong></span> <span class='ocrx_word' id='word_1_104' title='bbox 548 2716 709 2792; x_wconf 87' lang='lat' dir='ltr'><strong>cunctique</strong></span> <span class='ocrx_word' id='word_1_105' title='bbox 731 2730 843 2793; x_wconf 91' lang='lat' dir='ltr'><strong>pauore</strong></span> <span class='ocrx_word' id='word_1_106' title='bbox 1061 2722 1093 2772; x_wconf 78' lang='lat'><strong>15</strong></span> 
     </span>
     <span class='ocr_line' id='line_1_19' title="bbox 80 2802 808 2866; baseline -0.003 -2"><span class='ocrx_word' id='word_1_107' title='bbox 80 2805 198 2865; x_wconf 88' lang='lat' dir='ltr'><strong>attoniti</strong></span> <span class='ocrx_word' id='word_1_108' title='bbox 221 2804 350 2866; x_wconf 82' lang='lat' dir='ltr'><strong>fundunt</strong></span> <span class='ocrx_word' id='word_1_109' title='bbox 372 2811 500 2865; x_wconf 87' lang='lat' dir='ltr'><strong>maestas</strong></span> <span class='ocrx_word' id='word_1_110' title='bbox 523 2802 559 2863; x_wconf 86' lang='lat' dir='ltr'><strong>ad</strong></span> <span class='ocrx_word' id='word_1_111' title='bbox 583 2803 680 2864; x_wconf 88' lang='lat' dir='ltr'><strong>sidera</strong></span> <span class='ocrx_word' id='word_1_112' title='bbox 703 2821 808 2865; x_wconf 84' lang='lat' dir='ltr'><strong>uoces:</strong></span> 
     </span>
     <span class='ocr_line' id='line_1_20' title="bbox 81 2887 983 2974; baseline -0.001 -24"><span class='ocrx_word' id='word_1_113' title='bbox 81 2887 285 2972; x_wconf 59' lang='lat' dir='ltr'><strong>farqnipotens</strong></span> <span class='ocrx_word' id='word_1_114' title='bbox 308 2892 445 2974; x_wconf 87' lang='lat' dir='ltr'><strong>aduerte,</strong></span> <span class='ocrx_word' id='word_1_115' title='bbox 467 2911 588 2974; x_wconf 86' lang='lat' dir='ltr'><strong>precor,</strong></span> <span class='ocrx_word' id='word_1_116' title='bbox 611 2910 691 2953; x_wconf 90' lang='lat' dir='ltr'><strong>nunc</strong></span> <span class='ocrx_word' id='word_1_117' title='bbox 715 2891 843 2969; x_wconf 90' lang='lat' dir='ltr'><strong>denique</strong></span> <span class='ocrx_word' id='word_1_118' title='bbox 866 2889 983 2970; x_wconf 75' lang='lat' dir='ltr'><strong>Apoll03</strong></span> 
     </span>
     <span class='ocr_line' id='line_1_21' title="bbox 80 2977 941 3064; baseline -0.003 -25"><span class='ocrx_word' id='word_1_119' title='bbox 80 2979 151 3062; x_wconf 85' lang='lat' dir='ltr'><strong>hoc,</strong></span> <span class='ocrx_word' id='word_1_120' title='bbox 173 2989 273 3064; x_wconf 84' lang='lat' dir='ltr'><strong>pater,</strong></span> <span class='ocrx_word' id='word_1_121' title='bbox 296 2981 353 3043; x_wconf 92' lang='lat' dir='ltr'><strong>hoc</strong></span> <span class='ocrx_word' id='word_1_122' title='bbox 376 2982 462 3043; x_wconf 88' lang='lat' dir='ltr'><strong>nohis</strong></span> <span class='ocrx_word' id='word_1_123' title='bbox 485 2983 589 3043; x_wconf 82' lang='lat' dir='ltr'><strong>reione</strong></span> <span class='ocrx_word' id='word_1_124' title='bbox 613 2989 715 3062; x_wconf 87' lang='lat' dir='ltr'><strong>caput,</strong></span> <span class='ocrx_word' id='word_1_125' title='bbox 738 2979 797 3040; x_wconf 91' lang='lat' dir='ltr'><strong>nlla</strong></span> <span class='ocrx_word' id='word_1_126' title='bbox 820 2977 941 3038; x_wconf 84' lang='lat' dir='ltr'><strong>laboris</strong></span> 
     </span>
     <span class='ocr_line' id='line_1_22' title="bbox 79 3068 863 3151; baseline -0.001 -24"><span class='ocrx_word' id='word_1_127' title='bbox 79 3069 106 3127; x_wconf 93' lang='lat' dir='ltr'><strong>si</strong></span> <span class='ocrx_word' id='word_1_128' title='bbox 128 3072 224 3130; x_wconf 88' lang='lat' dir='ltr'><strong>nostri</strong></span> <span class='ocrx_word' id='word_1_129' title='bbox 247 3077 276 3130; x_wconf 91' lang='lat' dir='ltr'><strong>te</strong></span> <span class='ocrx_word' id='word_1_130' title='bbox 301 3088 373 3130; x_wconf 89' lang='lat' dir='ltr'><strong>cura</strong></span> <span class='ocrx_word' id='word_1_131' title='bbox 390 3078 505 3151; x_wconf 81' lang='lat' dir='ltr'><strong>mouet,</strong></span> <span class='ocrx_word' id='word_1_132' title='bbox 529 3073 581 3150; x_wconf 90' lang='lat' dir='ltr'><strong>qui</strong></span> <span class='ocrx_word' id='word_1_133' title='bbox 604 3068 723 3130; x_wconf 88' lang='lat' dir='ltr'><strong>cardine</strong></span> <span class='ocrx_word' id='word_1_134' title='bbox 747 3085 863 3130; x_wconf 92' lang='lat' dir='ltr'><strong>summo</strong></span> 
     </span>
     <span class='ocr_line' id='line_1_23' title="bbox 79 3149 1096 3237; baseline -0.002 -22"><span class='ocrx_word' id='word_1_135' title='bbox 79 3159 210 3217; x_wconf 85' lang='lat' dir='ltr'><strong>uertitur</strong></span> <span class='ocrx_word' id='word_1_136' title='bbox 233 3156 328 3237; x_wconf 89' lang='lat' dir='ltr'><strong>adque</strong></span> <span class='ocrx_word' id='word_1_137' title='bbox 352 3161 448 3219; x_wconf 90' lang='lat' dir='ltr'><strong>omnis</strong></span> <span class='ocrx_word' id='word_1_138' title='bbox 471 3157 608 3218; x_wconf 90' lang='lat' dir='ltr'><strong>manibus</strong></span> <span class='ocrx_word' id='word_1_139' title='bbox 631 3174 711 3216; x_wconf 90' lang='lat' dir='ltr'><strong>nuno</strong></span> <span class='ocrx_word' id='word_1_140' title='bbox 733 3154 844 3235; x_wconf 88' lang='lat' dir='ltr'><strong>pendet</strong></span> <span class='ocrx_word' id='word_1_141' title='bbox 866 3154 902 3214; x_wconf 87' lang='lat' dir='ltr'><strong>ab</strong></span> <span class='ocrx_word' id='word_1_142' title='bbox 926 3149 1015 3215; x_wconf 83' lang='lat' dir='ltr'><strong>nnis&#39;</strong></span> <span class='ocrx_word' id='word_1_143' title='bbox 1061 3164 1096 3213; x_wconf 77' lang='lat'><strong>20</strong></span> 
     </span>
     <span class='ocr_line' id='line_1_24' title="bbox 80 3239 885 3308; baseline 0 -8"><span class='ocrx_word' id='word_1_144' title='bbox 80 3239 159 3303; x_wconf 87' lang='lat' dir='ltr'><strong>dicta</strong></span> <span class='ocrx_word' id='word_1_145' title='bbox 181 3244 290 3307; x_wconf 89' lang='lat' dir='ltr'><strong>dabant</strong></span> <span class='ocrx_word' id='word_1_146' title='bbox 312 3249 411 3308; x_wconf 88' lang='lat' dir='ltr'><strong>uentis</strong></span> <span class='ocrx_word' id='word_1_147' title='bbox 435 3264 490 3306; x_wconf 90' lang='lat' dir='ltr'><strong>nec</strong></span> <span class='ocrx_word' id='word_1_148' title='bbox 513 3245 613 3306; x_wconf 86' lang='lat' dir='ltr'><strong>debita</strong></span> <span class='ocrx_word' id='word_1_149' title='bbox 635 3244 695 3305; x_wconf 90' lang='lat' dir='ltr'><strong>fata</strong></span> <span class='ocrx_word' id='word_1_150' title='bbox 717 3243 885 3303; x_wconf 86' lang='lat' dir='ltr'><strong>monebant.</strong></span> 
     </span>
     <span class='ocr_line' id='line_1_25' title="bbox 80 3327 914 3413; baseline -0.001 -26"><span class='ocrx_word' id='word_1_151' title='bbox 80 3327 198 3406; x_wconf 89' lang='lat' dir='ltr'><strong>qualem</strong></span> <span class='ocrx_word' id='word_1_152' title='bbox 219 3336 375 3413; x_wconf 87' lang='lat' dir='ltr'><strong>praecipiti</strong></span> <span class='ocrx_word' id='word_1_153' title='bbox 399 3332 556 3412; x_wconf 81' lang='lat' dir='ltr'><strong>granidum</strong></span> <span class='ocrx_word' id='word_1_154' title='bbox 578 3335 637 3393; x_wconf 92' lang='lat' dir='ltr'><strong>iam</strong></span> <span class='ocrx_word' id='word_1_155' title='bbox 655 3338 735 3392; x_wconf 92' lang='lat' dir='ltr'><strong>sorte</strong></span> <span class='ocrx_word' id='word_1_156' title='bbox 758 3332 914 3406; x_wconf 88' lang='lat' dir='ltr'><strong>parentem</strong></span> 
     </span>
     <span class='ocr_line' id='line_1_26' title="bbox 79 3417 919 3499; baseline -0.01 -19"><span class='ocrx_word' id='word_1_157' title='bbox 79 3421 219 3496; x_wconf 70' lang='lat' dir='ltr'><strong>natorum</strong></span> <span class='ocrx_word' id='word_1_158' title='bbox 240 3421 293 3481; x_wconf 85' lang='lat' dir='ltr'><strong>ssot</strong></span> <span class='ocrx_word' id='word_1_159' title='bbox 314 3439 408 3499; x_wconf 90' lang='lat' dir='ltr'><strong>parua</strong></span> <span class='ocrx_word' id='word_1_160' title='bbox 430 3439 535 3481; x_wconf 89' lang='lat' dir='ltr'><strong>manus</strong></span> <span class='ocrx_word' id='word_1_161' title='bbox 558 3417 726 3499; x_wconf 87' lang='lat' dir='ltr'><strong>trepidique</strong></span> <span class='ocrx_word' id='word_1_162' title='bbox 749 3419 919 3493; x_wconf 84' lang='lat' dir='ltr'><strong>precantur,</strong></span> 
     </span>
    </p>
   </div>
   <div class='ocr_carea' id='block_1_4' title="bbox 0 0 1196 3938">
    <p class='ocr_par' dir='ltr' id='par_1_13' title="bbox 0 0 1196 3938">
     <span class='ocr_line' id='line_1_27' title="bbox 0 0 1196 3938; baseline 0 0"><span class='ocrx_word' id='word_1_163' title='bbox 0 0 1196 3938; x_wconf 95' lang='lat' dir='ltr'><strong> </strong></span> 
     </span>
    </p>
   </div>
  </div>
 </body>
</html>
