2362 3938
326 161 442 216 PRIMA
461 157 663 217 RESPONSIO
682 160 839 218 DINDIMI.
1024 161 1089 225 179

77 346 198 408 suaque
231 324 329 390 nimis
360 324 572 389 similitudine
604 324 791 389 delectatur.
839 325 926 391 Nam
956 325 1091 391 verbum

77 413 154 478 deus
183 417 245 494 est,
273 414 336 478 hoc
364 412 683 496 mundumareavit,
708 412 771 477 hoc
799 414 885 499 regit
912 417 1008 498 atque
1031 414 1092 478 alit

76 503 201 586 omnia,
232 501 294 567 hoc
323 524 384 566 nos
414 522 621 586 veneramur,
653 501 716 566 hoc
747 501 927 587 diligimus,
960 523 998 566 ex
1027 502 1091 567 hoo

78 592 228 675 spiritum
252 590 426 669 trahimus,
455 591 612 673 siquidem
640 590 709 673 ipse
735 589 813 655 deus
837 591 969 673 spiritus
994 594 1091 674 atque

76 701 167 744 mens
196 682 254 743 est.
300 678 410 763 Atque
437 679 510 744 ideo
538 701 602 743 non
630 679 769 743 terrenis
798 678 919 743 divitiis
947 679 1119 743 oculare

79 769 181 852 gitate
206 768 371 850 munifica,
400 767 457 832 sed
485 767 647 851 religiosis
676 768 827 852 operibus
855 771 889 832 et
911 768 1092 852 gratiarum

79 856 205 921 actione
225 857 382 939 placatur.
422 855 626 939 Quapropter
646 856 782 920 nimium
802 856 954 921 excordes
977 878 1035 922 vos
1060 860 1093 921 et

77 945 280 1009 miserabiles
299 945 489 1029 iudicamus,
512 945 568 1029 qui
587 945 747 1030 originem
766 948 910 1011 vestram
932 967 1000 1010 non
1023 967 1092 1009 sus·

78 1035 186 1118 cipitia
217 1055 290 1118 esse
324 1034 497 1098 caelestem
531 1055 747 1118 magnamque
780 1056 853 1098 eum
882 1033 941 1099 deo
972 1033 1092 1098 habere

78 1122 318 1207 cognationem,
342 1122 397 1186 sed
422 1123 627 1206 splendorem
651 1123 778 1207 generis
802 1123 904 1188 vestri
927 1123 1023 1187 rebus
1046 1122 1090 1188 vi·
1106 1145 1127 1186 rr

78 1211 211 1275 lissimis
242 1211 438 1295 obfuscatis,
471 1212 590 1295 quippe
620 1211 737 1294 quibus
768 1212 910 1277 maxima
939 1212 1091 1295 voluptas

77 1300 111 1363 in
135 1321 230 1364 carne
254 1303 311 1364 est.
348 1298 442 1364 Hanc
465 1298 592 1383 fovetis,
610 1299 696 1364 hane
719 1301 837 1385 colitis,
859 1301 943 1366 hanc
962 1300 1091 1385 amatis,

78 1390 167 1453 cuius
192 1391 242 1453 est
270 1392 302 1452 et
327 1388 541 1453 contrectatio
565 1389 703 1454 viventis
731 1389 856 1454 incesta
884 1393 917 1453 et
940 1391 1091 1475 contagio

77 1478 247 1541 morientis
265 1477 436 1558 horrenda,
458 1477 492 1540 in
513 1477 603 1541 cuius
622 1478 735 1542 usibus
755 1479 916 1542 elementa
934 1483 1093 1542 vexantur

78 1571 110 1630 et
133 1566 273 1629 mundus
297 1565 485 1629 exhibendis
504 1566 631 1630 laborat
654 1565 827 1648 obsequiis.
865 1565 910 1628 Et
933 1565 1018 1649 quod
1042 1568 1127 1629 estu

78 1654 319 1738 vehementius,
347 1654 474 1718 audetis
497 1655 598 1718 etiam
621 1654 714 1718 deum
739 1654 841 1718 caesis
865 1655 1016 1718 carnibus
1040 1675 1093 1716 ex-

78 1743 167 1827 piare
187 1744 373 1827 cultumque
392 1743 561 1826 religionis
585 1764 652 1806 non
675 1741 741 1826 uni,
765 1743 819 1826 qui
843 1742 932 1806 solus
956 1745 1014 1826 est,
1037 1742 1093 1807 sed

78 1831 241 1916 plurimis,
265 1832 319 1915 qui
342 1853 409 1895 non
431 1831 605 1915 habentur,
629 1830 807 1913 exsolvitis,
834 1830 922 1894 etin
945 1830 1008 1895 hoc
1031 1831 1092 1894 sci·

77 1920 154 1984 licet
183 1943 202 1985 a
229 1941 325 1984 carne
354 1920 489 2003 decepti.
534 1919 621 1985 Nam
649 1919 814 1983 hominem
842 1918 998 1982 mundum
1023 1941 1093 1982 esse

78 2031 215 2091 parvum
240 2009 355 2091 dicitis,
379 2013 412 2073 et
436 2009 519 2073 sicut
542 2008 576 2071 in
601 2029 638 2072 eo
662 2007 879 2090 multiplicata
902 2011 979 2071 sunt
996 2028 1127 2071 mem-a(

79 2098 137 2161 bra
161 2097 334 2182 disposita,
361 2099 408 2161 ita
431 2096 538 2161 varios
567 2097 643 2160 deos
666 2096 790 2181 fingitis
820 2096 967 2160 incaelo
991 2096 1092 2161 consi·

81 2190 174 2269 sterc,
195 2207 330 2269 quorum
350 2186 522 2269 unicuique
543 2185 686 2250 diversas
705 2189 814 2268 partes
828 2184 929 2250 uestri
948 2185 1093 2268 corporis

80 2273 258 2357 deputatis,
290 2278 323 2338 et
350 2274 529 2338 familiares
565 2274 703 2359 singulis
733 2273 883 2339 victimas
916 2273 1093 2339 immolatis

80 2367 111 2425 et
129 2364 289 2428 vocabula
311 2362 377 2426 illis
402 2362 562 2446 exquisita
584 2362 747 2447 tribuistis
771 2364 952 2428 asserentes
975 2362 1093 2427 Miner·

79 2473 152 2515 vam
177 2452 294 2535 capitis
319 2474 426 2516 arcem
446 2455 559 2535 utpote
579 2451 774 2535 sapientiam
793 2455 914 2537 tenere,
935 2451 1094 2517 Iunonem
1109 2474 1127 2516 a

80 2540 263 2604 iracundiae
287 2540 524 2624 praesidentem
545 2539 733 2623 praecordia
756 2541 931 2626 possidere,
953 2539 1092 2607 Martem

168 2752 246 2804 aest
264 2765 314 2806 om.
330 2749 365 2804 L.
410 2754 568 2804 bmensem
582 2749 617 2806 L.
646 2752 754 2806 estom-
770 2750 804 2805 L.
838 2750 878 2804 sic
897 2749 1011 2820 quidem
1030 2751 1092 2820 ipse

80 2820 147 2875 deus
167 2819 282 2890 spiritus
302 2823 415 2876 sanctus
439 2837 473 2875 ex
496 2823 575 2890 patro
595 2823 624 2875 ct
641 2821 699 2876 filio
718 2820 848 2891 procedit
869 2823 953 2891 atquc
972 2821 1037 2876 ideo
1059 2822 1091 2877 V.

79 2889 244 2946 interranis
269 2892 304 2946 R.
378 2891 555 2963 amunifica]
578 2908 724 2946 munerum
748 2892 784 2948 R.
856 2892 1037 2947 8mirabiles
1055 2892 1091 2947 B.

81 2963 335 3031 recogitationem
353 2962 388 3019 L.
425 2962 521 3031 rebus]
541 2962 642 3031 opibus
660 2962 690 3017 V.
765 2967 799 3015 13
819 2961 898 3017 cuius
918 2965 960 3017 est
979 2966 1008 3016 et
1026 2978 1091 3016 oon-

79 3034 210 3087 tractatio
230 3032 350 3088 viventis
373 3033 483 3088 incesta
505 3036 535 3088 et
558 3033 689 3102 contagio
713 3033 859 3087 morientis
881 3032 1021 3087 horrenda
1040 3031 1091 3100 (in-

80 3106 155 3157 cesta
174 3109 199 3158 et
217 3105 357 3159 horrenda
374 3106 406 3159 ia
423 3106 535 3171 rasura)
551 3103 582 3160 V.
620 3103 698 3156 cuius
718 3105 747 3156 et
765 3101 951 3157 contrectatio
970 3101 1092 3156 viventis

79 3174 215 3242 (decadis
240 3176 287 3244 L.)
312 3176 451 3230 horrenda
474 3176 517 3229 est
540 3177 570 3228 et
592 3173 722 3242 contagio
746 3173 892 3227 morientis
915 3173 1092 3227 incestaret.

81 3251 112 3298 14
132 3247 318 3301 elementaB.
340 3247 584 3300 emolumentaect.
622 3250 664 3312 ¹17
684 3245 760 3298 solus
779 3245 823 3298 est
840 3244 909 3297 deus
917 3242 950 3297 V.
997 3248 1032 3297 20
1051 3244 1093 3297 di·

79 3316 141 3370 citis
164 3317 239 3371 V.B.
267 3317 386 3371 dicimus
404 3317 438 3371 L.
448 3316 523 3371 Ra.
560 3321 592 3371 21
613 3315 682 3370 item
701 3315 772 3369 ahos
790 3315 826 3370 B.
864 3320 898 3368 22
918 3314 1043 3369 diversas
1060 3312 1127 3375 L.‚⁴

81 3386 185 3441 divisas
209 3394 256 3442 cet.
330 3394 363 3442 23
384 3386 541 3457 deputastis
563 3387 598 3442 R.
635 3386 790 3440 familiares
814 3385 851 3439 R.
878 3383 1037 3440 familiariis
1060 3383 1092 3440 Ιι1

81 3457 248 3513 familiarius
263 3465 311 3514 cet.
339 3458 461 3513 victimis
470 3457 505 3511 L.
533 3456 701 3512 immolastis
711 3457 746 3512 R.
786 3460 822 3510 24
839 3455 883 3510 illi
893 3456 927 3511 L.
964 3462 999 3511 26
1018 3471 1092 3528 prae

83 3526 170 3584 sidem
189 3529 225 3584 R.
254 3529 410 3600 possidere]
429 3532 525 3584 tenera
542 3528 579 3584 B.

881 3618 935 3671 12*
