2362 3938
85 194 134 247 llll
483 192 699 248 PRAEFATIO.

83 343 164 401 eninr
192 342 305 401 fuerint
334 342 385 418 qni
408 341 686 421 interpolationibus
709 344 912 421 Argonautica
941 344 1084 406 deformia

84 448 152 489 esse
177 437 336 510 negarent,
359 429 430 489 mibi
454 439 552 490 tamen
581 429 617 489 de
640 430 695 489 bac
718 448 752 489 re
775 431 863 509 plane
889 442 1018 494 constat
1056 434 1085 493 st

83 538 128 579 ex.
160 536 203 597 gr.
236 537 297 578 non
332 527 431 596 potest
467 537 526 578 non
558 519 665 578 referri
701 519 737 578 ad
774 521 917 580 criticum
957 521 1085 601 qnendaa

85 607 163 685 quod
196 617 264 686 post
300 606 393 667 uerba
430 614 569 685 corrupta
608 624 770 684 mannaque
808 606 882 684 [Vll
914 606 1000 688 201]
1035 606 1087 669 ‘bot

86 699 158 757 satis
195 700 259 776 ipse
297 698 385 755 etiam
417 703 552 774 spectare
584 690 753 773 supremos'
786 694 834 755 hic
867 698 900 755 in
934 697 960 754 V
998 700 1088 778 legitur

84 804 191 845 uersus
219 780 258 844 ‘ei
285 786 357 845 mibi
384 802 509 844 occasus
535 785 624 844 etiam
650 792 785 863 spectare
809 782 994 863 supremos'.
1038 786 1088 847 etis

85 893 204 953 qiroqne
231 875 304 933 loeis
336 882 395 933 tam
428 880 528 951 aperta
556 879 601 932 est
636 890 685 931 res
721 880 756 932 nt
791 889 894 953 nemo,
929 877 990 935 nisi
1025 877 1088 935 forte

84 981 200 1043 caecus,
224 981 283 1023 non
306 970 453 1041 agnoscat.
485 963 601 1042 itaque,
623 969 657 1019 nt
679 978 904 1038 nonnumquam
928 982 944 1022 a
970 963 1090 1044 diligenti

85 1070 188 1112 eornm
228 1051 336 1130 quibus
376 1050 400 1108 V
440 1052 565 1108 maxime
611 1048 724 1108 laborat
768 1050 915 1129 uitiorum
960 1051 1088 1113 obserne

85 1143 179 1217 tione,
211 1143 251 1198 ita
287 1140 413 1196 maximo
444 1155 461 1196 a
492 1137 612 1197 domina
643 1137 691 1197 illa
726 1145 813 1214 atque
847 1141 952 1215 regina
986 1143 1089 1202 ratione

83 1236 113 1285 et
149 1226 185 1283 ab
222 1233 359 1285 uncinata
401 1227 547 1283 sermonis
585 1227 694 1304 poetici
726 1226 831 1285 notitia
870 1230 1017 1289 carminis
1046 1228 1089 1287 Va

83 1314 186 1372 leriani
223 1312 363 1391 progredi
399 1311 488 1371 debet
525 1315 700 1374 emendatio.
759 1314 811 1373 sed
849 1313 905 1374 hac
943 1319 976 1377 in
1017 1326 1090 1397 parte

81 1408 148 1481 post
187 1400 341 1460 Heinsinm
378 1417 484 1477 parum
520 1405 742 1479 praestiterunt.
803 1420 872 1462 nam
910 1403 1013 1486 Thilo,
1049 1406 1092 1484 qui

83 1509 159 1551 anno
196 1490 223 1548 n.
266 1507 287 1546 s.
325 1487 417 1546 LXlll
450 1487 600 1549 Valerium
633 1490 737 1571 edidit,
780 1509 815 1549 eo
859 1491 983 1568 quidem
1020 1492 1092 1573 qnod

82 1582 196 1658 primns
236 1575 304 1635 libri
345 1575 477 1637 Vaticani
523 1580 686 1656 scripturas
728 1597 831 1638 omnes
874 1584 1092 1642 accuratissime

83 1667 234 1726 adnotanit
257 1664 333 1724 bene
357 1665 393 1724 de
416 1673 504 1744 poeta
527 1675 630 1726 nostro
653 1669 777 1750 meruit,
800 1666 853 1726 sed
878 1668 914 1727 de
939 1669 986 1730 his
1010 1673 1091 1731 meri·

83 1757 121 1814 tis
144 1752 271 1813 multum
286 1754 413 1814 detraxit
426 1757 499 1834 ipse,
523 1774 591 1815 cnm
614 1755 803 1815 librariorum
822 1758 894 1816 uitia
910 1762 1091 1836 apertissima

80 1842 165 1920 plane
190 1843 333 1921 neglectis
361 1846 404 1903 eis
432 1862 507 1921 quae
534 1844 662 1903 latinitas
691 1862 826 1922 quaeque
855 1848 933 1905 ratio
961 1854 1093 1925 posceret

81 1932 266 1991 atrocissimo
296 1935 326 1992 in
354 1933 571 2012 prolegomenis
600 1931 774 1991 defenderet
804 1932 1005 2014 plurimisque
1032 1935 1092 1996 nnl-

79 2018 204 2080 neribns
227 2021 406 2080 foedissimis
430 2020 627 2098 Argonautica
650 2020 834 2098 relinqueret
857 2021 980 2084 hiantia.

170 2108 304 2168 Tliilonis
341 2127 462 2187 operam
494 2112 546 2186 qni
578 2128 613 2168 ex
646 2117 730 2186 parte
763 2111 952 2187 corrigerent
990 2110 1091 2172 deinde

80 2199 257 2276 extiterunt3
281 2216 348 2256 nam
370 2198 515 2275 patefacta
529 2200 588 2256 iam
611 2196 756 2256 librorum
770 2199 913 2257 memoria
928 2200 1093 2279 complures

80 2284 116 2343 ad
144 2284 360 2345 emendandum
385 2303 504 2344 carmen
528 2285 699 2345 adtulerunt
732 2284 872 2363 symbola.
919 2305 1050 2365 qnorum
1076 2305 1091 2346 e

81 2390 206 2433 numero
240 2381 307 2432 ante
345 2391 450 2432 omnes
486 2392 555 2433 cum
587 2373 700 2432 honore
737 2375 992 2436 commemorandi
1027 2384 1115 2437 sunt.

82 2460 233 2521 Gustanus
260 2460 446 2541 lleynclrins,
475 2465 528 2539 qni
556 2471 585 2520 et
619 2463 650 2520 in
678 2461 903 2539 quaestionibus
932 2463 1093 2525 Valerianis

82 2548 201 2608 Bonnae
226 2568 249 2608 a.
276 2545 361 2608 1865
385 2549 472 2608 editis
497 2548 537 2626 [Ι]
562 2558 592 2609 et
614 2552 644 2609 in
669 2550 997 2632 dissertationeflMusei
1019 2553 1094 2613 llbe-

84 2640 154 2697 nani
186 2637 244 2698 nol.
280 2636 361 2695 xxti
392 2639 504 2697 inserta
538 2636 592 2714 [ll]
626 2646 791 2699 commenta
824 2642 942 2716 egregia
970 2640 1094 2719 protulit

81 2725 160 2785 lraud
182 2744 285 2805 pauca,
309 2734 338 2785 et
361 2724 515 2805 Philippus
538 2726 713 2806 Wagnerus,
737 2729 788 2804 qui
811 2735 845 2786 nt
868 2735 936 2787 ante
960 2729 1094 2790 'Philonis

80 2813 243 2874 editionem
271 2816 301 2873 in
325 2813 469 2892 Philologi
496 2815 554 2875 irol.
582 2813 636 2874 XX
660 2814 700 2892 [Ι]
729 2818 769 2875 ita
801 2818 831 2875 in
860 2834 988 2877 censura
1016 2818 1093 2878 illins

80 2900 236 2978 [Fleckeis.
261 2903 356 2962 annal.
382 2900 481 2984 18643
505 2903 555 2984 11],
580 2907 635 2964 etsi
658 2904 809 2964 interdum
838 2907 927 2964 nimia
950 2906 1093 2966 uiolentia

79 3007 142 3050 rem
173 2994 246 3072 egit,
274 2992 419 3071 quaedam
446 3001 544 3052 tamen
573 2996 646 3053 uitia
679 2995 789 3072 optime
818 2993 947 3053 sustulit.
995 3010 1091 3072 neque

78 3078 226 3156 llauptins
260 3080 305 3158 [in
335 3081 461 3141 Hermae
494 3082 552 3142 nol.
585 3081 634 3140 lll.
666 3081 710 3140 lV.
745 3080 822 3155 vlit]
863 3088 892 3141 et
924 3080 1090 3161 bladirigins

79 3165 216 3243 [tauers.
242 3168 282 3245 ll]
307 3170 453 3231 inutiliter
476 3169 512 3228 tle
536 3168 651 3228 Valerio
678 3167 915 3244 disputauerunt.
962 3170 1092 3249 deniqne

78 3273 132 3316 sua
153 3253 239 3313 lande
259 3275 319 3315 non
343 3257 523 3317 fraudandus
537 3255 740 3316 Loehbacbius
756 3252 801 3329 [in
816 3254 933 3317 dnobus
947 3258 1091 3338 gymnasii

77 3343 312 3403 Antonnacensis
338 3344 587 3423 programmatisl.
624 3344 755 3401 omnium
782 3360 856 3402 uero
876 3346 1091 3424 infelicissime,

77 3424 111 3491 iit
126 3433 244 3491 omnino
268 3433 298 3489 in
312 3433 408 3508 poetis
431 3430 538 3511 latinis,
561 3433 601 3490 ita
624 3432 654 3488 in
669 3429 874 3506 Argonauticis
898 3434 1091 3495 emendandis

76 3528 216 3581 uersatus
239 3527 285 3579 est
308 3516 338 3578 G.
363 3517 571 3597 Selienlielins‚
600 3519 651 3596 qni
678 3535 753 3594 (pirae
778 3520 808 3577 in
833 3519 962 3580 editione
992 3541 1047 3583 sna
1073 3538 1090 3580 c
