2362 3938
120 164 164 230 88
457 159 488 217 G.
506 159 645 215 vannat
661 159 792 215 nuncet

123 315 251 374 nomina.
297 318 362 371 turn
384 312 456 370 uiuo
479 309 622 370 frondens
645 327 661 368 e
685 310 797 387 cespite
820 306 912 367 tellus

123 402 283 480 aggeritur,
307 401 498 477 cineremque
521 397 600 476 Lyco
623 396 810 457 commendat
832 394 928 456 lason.

167 488 271 548 Maesti
294 505 398 548 omnes
420 486 576 566 dubiique,
598 493 694 545 ratem
715 484 857 545 fidissima
880 487 969 544 cuius

83 574 87 581 ’
123 577 229 638 dextra
252 583 348 656 regat,
372 575 461 636 simul
482 574 618 634 Ancaeus
641 572 806 651 sollersque
829 571 952 650 petebat

124 665 276 744 Nauplius.
322 663 467 742 Erginum
490 664 550 723 lato
572 669 662 722 uocat
683 664 747 740 ipsa
769 663 904 720 monenti
1101 669 1128 721 u

126 771 269 834 quercus,
292 760 322 813 et
345 752 381 812 ad
404 759 507 811 tonsas
529 752 603 810 uicti
626 749 742 809 rediere
766 749 909 826 magistri.

125 859 159 902 ac
182 841 266 901 uelut
288 840 352 921 illo,
374 842 473 918 gregis
497 841 588 899 cessit
612 840 660 898 cui
683 839 777 917 regia,
800 845 905 897 taurus

125 930 222 990 fertur
245 946 352 1008 ouans3
375 928 456 988 hunc
479 930 575 987 omnis
597 926 706 1005 honos,
728 925 809 985 hunc
832 927 931 984 omnis
952 925 985 984 in
1008 941 1102 985 unum

125 1019 232 1078 transit
255 1035 350 1095 amor3
373 1019 470 1095 primo
492 1016 588 1077 laetus
611 1017 654 1075 sic
677 1021 810 1092 tempore
834 1020 935 1072 rector

124 1103 291 1182 ingreditur
314 1121 435 1206 cursus3
459 1106 568 1163 etenim
591 1101 641 1162 dat
664 1100 787 1161 candida
810 1108 923 1162 certam
1102 1109 1133 1160 to

125 1210 185 1251 nox
208 1190 338 1251 llelicen.
385 1194 443 1250 iam
465 1207 555 1268 prora
578 1191 689 1249 fretum
713 1196 915 1250 commoneret
938 1195 969 1249 et
994 1189 1053 1248 iam

124 1296 224 1359 puppe
248 1277 356 1337 sedens
378 1281 502 1337 miseras
525 1278 677 1337 dimiserat
700 1277 829 1337 anchora
852 1284 957 1336 terras.

170 1365 257 1446 lnde,
279 1373 433 1444 premente
457 1373 542 1446 noto,
565 1368 668 1425 tristes
691 1364 894 1425 Acherusidos
917 1381 986 1424 oras

123 1454 270 1534 praeterit
293 1462 323 1514 et
345 1455 420 1514 resta
443 1454 597 1533 uulgatum
620 1462 707 1514 nocte
730 1453 819 1531 Lyaei

125 1542 326 1623 Callichoron3
349 1561 405 1604 nec
428 1560 505 1603 uana
527 1543 609 1602 fides.
654 1542 701 1602 his
723 1539 858 1601 bacchus
880 1542 912 1599 in
934 1539 1025 1600 undis
1104 1549 1139 1599 to

126 1631 219 1692 abluit
242 1650 296 1691 eoo
320 1639 457 1692 rorantes
480 1634 622 1710 sanguine
646 1630 772 1708 thyrsos.

124 1718 209 1779 illum
231 1726 302 1797 post
324 1721 403 1779 acies
425 1719 570 1797 rubrique
592 1720 754 1778 nouissima
777 1715 907 1776 claustra

125 1809 265 1884 aequoris
288 1806 337 1866 hic
360 1806 475 1867 resides
497 1807 622 1885 thiasos,
645 1806 694 1865 hic
717 1823 786 1864 aera
808 1811 981 1863 monentem

127 1894 245 1972 udaque
268 1897 425 1974 pampinea
448 1903 618 1955 nectentem
641 1912 753 1954 cornua
776 1894 851 1952 uitta

125 1985 319 2044 nuncetiam
342 1985 531 2062 meministis,
555 2000 661 2063 aquae,
683 1981 805 2041 boeotia
828 1979 946 2057 qualem
1107 1988 1144 2038 ao

125 2070 222 2150 Thyas
246 2079 276 2132 et
298 2070 401 2131 infelix
424 2079 549 2149 cuperet
571 2070 683 2131 uidisse
707 2068 874 2129 Cithaeron.

171 2158 260 2219 Fama
282 2177 338 2238 per
360 2167 509 2218 extremos
534 2162 605 2237 quin
628 2161 687 2218 iam
709 2157 791 2218 uolat
812 2154 938 2234 inproba
961 2173 1067 2216 manes

127 2249 242 2306 interea
265 2254 295 2306 et
318 2249 431 2325 magnis
454 2255 593 2307 natorum
616 2244 753 2306 laudibus
776 2244 888 2324 implet,

126 2322 255 2394 addita
246 2351 363 2414 tamque
388 2336 473 2395 iretis
495 2336 631 2395 reterens
653 2335 760 2394 freta
753 2351 870 2411 iamque
892 2338 1032 2410 patentes

128 2420 267 2499 Cyaneas.
314 2421 420 2482 ardent
443 2423 546 2483 arridos
569 2421 703 2482 attollere
727 2421 839 2501 uultuS,
1106 2428 1144 2480 εὖ

127 2526 202 2586 quos
225 2510 320 2586 pietas
343 2510 392 2569 nel
415 2512 510 2587 tangit
532 2510 627 2569 adhuc
651 2527 727 2587 qaros
749 2509 864 2568 aemula
886 2509 992 2569 uirtus.

22 2599 24 2603 ’
125 2596 184 2655 lata
206 2596 329 2656 immota
351 2605 485 2676 manent,
508 2615 616 2677 unrrm,
639 2599 691 2674 qui
713 2596 801 2657 litore
824 2598 855 2656 in
878 2596 929 2656 illo

126 2682 279 2764 conditus,
302 2684 338 2744 ad
362 2702 448 2745 carae
471 2686 594 2745 mittunt
616 2685 785 2762 spectacula
807 2684 922 2744 turbae.

123 2773 149 2831 it
172 2770 344 2833 Sthenelus:
368 2772 485 2850 qualem
507 2772 652 2833 Mauortia
674 2773 750 2833 uidit
772 2774 901 2833 Amazon

124 2878 252 2939 cumque
276 2863 339 2921 suis
362 2863 502 2922 comitem
524 2861 641 2922 Alcides
663 2869 698 2922 ut
720 2862 852 2922 condidit
874 2862 974 2940 armis,
1105 2871 1141 2920 eo

123 2949 190 3008 talis
213 2949 249 3008 ab
273 2951 414 3029 aequorei
437 2968 621 3028 consurgens
645 2969 751 3029 aggere
775 2950 856 3010 busti

50 3051 57 3058 ·
124 3037 258 3119 emicuit,
281 3039 392 3098 fulsere
416 3039 526 3120 undae,
550 3038 595 3099 sol
617 3057 742 3117 magnus
765 3046 799 3099 ut
822 3037 927 3097 orbem

123 3124 243 3186 tolleret
265 3132 316 3186 aut
338 3127 449 3187 nubem
472 3135 609 3205 quateret
630 3126 727 3206 polus.
772 3127 868 3206 adque
891 3143 926 3186 ea
949 3124 1075 3185 uixdum

123 3213 187 3271 uisa
210 3216 286 3274 rriris
308 3222 372 3274 atra
395 3233 454 3275 nox
476 3217 615 3293 protinus
638 3215 761 3275 abstulit
782 3215 897 3275 umbra.
1116 3266 1119 3272 .

125 3297 173 3356 ille
198 3300 301 3360 dolens
325 3302 416 3364 altum
439 3305 549 3380 repetit
572 3301 669 3362 chaos.
716 3305 814 3362 omina
836 3303 958 3378 Mopsus
1107 3310 1145 3360 ab

122 3383 195 3443 dum
218 3394 331 3470 stupet,
354 3392 386 3448 in
408 3392 504 3468 prima
527 3389 676 3449 tumulum
697 3389 803 3467 procul
826 3388 931 3463 aspicit
954 3395 1029 3468 acta,

124 3471 342 3552 obnubensque
365 3486 455 3554 capnt
477 3479 572 3535 cineri
595 3476 645 3537 dat
667 3479 738 3536 nina
760 3479 875 3535 nocato.
