2362 3938
80 213 145 278 630
385 230 522 267 srsxms
539 231 730 268 coessmorvn.

146 351 274 404 Alterum
286 353 406 404 stemma
416 354 562 420 praestant
595 354 678 406 artim
690 353 790 406 Isidori
802 353 876 422 Orlg.
887 360 910 417 9,
920 360 944 407 5.
957 359 980 417 §.
989 360 1033 409 28.

79 421 210 485 (quarum
231 434 297 470 usus
320 435 382 471 sum
403 420 447 475 ed.
470 370 681 477 auditonis
702 422 732 472 in
750 420 934 474 Lindemanni
955 437 988 473 co
1026 463 1033 477 .

100 501 197 539 ramm.
215 483 276 539 ist,
295 485 341 538 111.
382 526 388 537 .
407 489 468 552 312)
486 501 521 540 ex
538 487 634 538 multis
652 487 731 541 codd.
753 504 818 540 mss.
840 488 944 557 partim
961 487 1001 539 Lu
1025 530 1031 540 .

78 503 240 608 {aarum
257 552 319 606 loco
336 503 378 605 sd
385 551 463 629 l’aul,
475 559 501 618 4,
516 559 555 608 11,
575 554 660 606 citato
679 569 713 605 ex
727 553 837 620 Contio,
856 557 905 622 qni
922 571 957 608 ex
970 554 1033 608 aliis

79 620 251 674 membranis
268 619 298 672 id
314 635 443 672 sumsisse
460 619 581 682 videtur,
599 635 662 671 cum
674 619 773 671 Isidori
791 624 964 675 mentionem
976 638 1033 675 non

79 687 177 752 faciat,
199 688 229 742 et
244 685 274 740 in
311 685 457 739 uibusdam
475 685 588 754 gravius
605 701 691 751 quam
709 686 808 738 Isidori
830 690 941 742 codices
959 690 1034 742 inter

79 771 109 808 se
128 754 275 824 discrepet.
292 704 429 821 ί8888881888
446 752 508 805 fons
526 752 581 805 suis
599 755 629 804 et
645 752 797 804 virtutibus
815 756 845 807 et
862 756 972 808 mendis
990 758 1034 810 est

78 819 1034 963 ἷῖἶιέῗέιθῖἶωῖῑῗοέἷῖῗὲἷῖεῧῖιῗῗῗηῗιῗὲᾳὲιῖηῗεᾱ8888888888ῗῖ

79 956 152 1009 rales
173 956 192 1006 i'
227 970 262 1007 ne
285 954 434 1022 inscriptos
456 967 586 1006 numeros
608 951 761 1017 Romanos,
787 968 850 1005 cum
872 971 901 1005 m
925 954 1034 1010 Isidoro

78 1021 218 1076 ascenden
233 1021 290 1073 'um
302 1023 332 1073 et
342 1019 571 1074 descendentium
583 1018 837 1140 sint-triangulares
849 1020 878 1073 et
887 1035 984 1073 omnes
996 1023 1033 1075 ab

79 1087 234 1142 editoribus
245 1086 364 1141 arabicis
376 1087 500 1141 numeris
517 1087 652 1156 signatae.
680 1087 713 1140 ln
748 1086 861 1140 ontiano
876 1088 1033 1155 exemplari

78 1156 164 1208 etiam
186 1155 284 1222 ‘pater
300 1155 408 1207 mater’
432 1157 462 1208 et
484 1153 574 1207 ‘filius
592 1154 664 1207 filia'
688 1154 779 1231 figura
799 1153 900 1208 inclusi
920 1157 1035 1208 suntet

77 1221 165 1274 ternis
189 1221 303 1289 quidem
324 1221 406 1276 lineis
428 1237 513 1290 supra
536 1221 670 1286 etiaim,
699 1238 722 1274 si
762 1221 898 1275 ificandae
923 1222 1033 1275 scilicet

78 1288 204 1342 arctioris
227 1288 309 1344 huius
326 1289 538 1344 necessitudinis
560 1304 678 1342 caussa
695 1289 796 1342 ceeris
833 1289 960 1354 redibus,
983 1291 1033 1356 qui

77 1355 233 1424 singulares
250 1354 365 1420 habent,
385 1355 522 1420 distinctu
540 1354 569 1407 in
586 1355 684 1432 Isidori
702 1307 872 1437 editionibus
889 1356 932 1433 illi
949 1357 1034 1433 solpti

78 1422 1032 1567 {tlt„lilleliberiestislitttelatalulllluu:

78 1557 130 1610 bus
157 1558 292 1624 scuptum
319 1558 362 1610 eet
388 1556 506 1633 ‘Usque‘
527 1555 562 1608 ad
584 1555 672 1608 hunc’
698 1559 750 1610 etc.
772 1557 893 1634 Isidorus
921 1558 1032 1610 tantum

78 1623 232 1768 8888
246 1622 778 1768 leuatus”sessiunculas
795 1623 1032 1768 §suillus

79 1760 181 1824 quartr,
201 1758 292 1824 qulut1
310 1759 340 1811 et
355 1773 476 1811 mamma
495 1758 568 1812 sextr
579 1756 682 1825 gradus
695 1758 828 1810 inmutior
845 1761 894 1821 sit,
912 1773 957 1810 me
975 1773 1031 1809 nou

78 1823 237 1891 intelligere
256 1825 354 1878 lateor.
385 1823 571 1888 Quamobrem
589 1824 619 1876 id
637 1824 682 1876 hic
700 1825 835 1878 indicasse
854 1826 920 1877 satis
937 1824 1031 1878 habui.

79 1889 209 1946 Ceterum
227 1890 319 1944 totum
331 1891 384 1946 hoc
396 1892 510 1946 schema
522 1891 802 1945 demonstrandarum
816 1897 990 1968 repertionem
1002 1891 1031 1942 in

79 1957 193 2011 modum
211 1959 364 2025 pyramidis
382 1959 545 2013 decurtatae
564 1958 604 2010 ita
621 1960 809 2011 constructum
827 1958 914 2022 rides,
934 1959 967 2010 ut
983 1973 1032 2010 sex

78 2025 244 2078 transversis
269 2025 412 2079 laterculis
439 2026 526 2078 altero
553 2024 626 2076 iufra
653 2024 773 2076 alterum
800 2024 905 2088 locato,
935 2040 1032 2077 omnes

78 2090 189 2169 primi&
206 2093 323 2168 secundi
352 2093 381 2146 et
410 2093 565 2168 ceterorum
594 2105 681 2165 usque
711 2091 746 2141 ad
775 2091 884 2166 sertum
913 2092 1033 2157 gradum

78 2158 581 2298 letitieelellttltu‘tul
603 2156 1032 2296 irrestauratae

77 2291 149 2344 tium
168 2291 296 2345 dextrum
319 2291 392 2344 latus
414 2289 532 2352 claudit3
555 2290 630 2341 intus
650 2289 715 2340 sunt
732 2303 749 2340 a
765 2286 854 2340 latere
871 2289 1031 2341 iunctorum

78 2357 169 2411 scalae
189 2360 218 2411 et
235 2357 338 2426 gradus
360 2358 401 2410 ita
421 2355 566 2421 delineati,
590 2353 668 2407 utin
686 2354 807 2408 secundo
830 2353 966 2407 laterculo
985 2357 1031 2409 vel

78 2424 168 2493 gradu
186 2441 280 2478 rursus
297 2423 375 2478 utin
394 2423 536 2491 superiore
555 2421 706 2492 εἰκονίσμῳ
722 2421 809 2475 frater
826 2435 958 2488 sororque
977 2437 1030 2475 avo

79 2493 109 2545 et
131 2490 263 2559 deinceps
285 2490 372 2545 ceteri
393 2489 544 2543 transversi
565 2488 670 2543 ordinis
698 2490 792 2558 capita
834 2491 941 2554 atinus,
968 2506 1032 2566 pro·

78 2559 196 2628 patruus
225 2559 277 2614 eto.
305 2557 487 2624 sequentibus
521 2555 645 2610 directae
675 2555 766 2610 lineae
833 2556 1030 2610 scendentibus

80 2624 251 2689 accrescant,
280 2639 432 2691 eorumque
456 2624 605 2692 progenies
630 2624 659 2676 in
686 2625 869 2692 sequentibus
932 2623 1031 2677 adibus

78 2691 255 2754 ostendatur,
279 2706 335 2757 quo
354 2690 399 2753 fit,
422 2691 455 2743 ut
473 2693 502 2743 et
523 2707 641 2758 sequens
663 2692 780 2758 quisque
803 2692 909 2745 latercu
922 2709 954 2743 us
976 2707 1032 2742 nna

78 2757 182 2811 cellule
208 2759 346 2825 augeatur
369 2758 398 2810 et
421 2759 499 2810 ortus
525 2758 627 2825 gradus
651 2774 684 2812 ex
706 2758 796 2826 gradu
821 2760 851 2811 in
872 2760 1031 2810 transverso

78 2824 176 2878 ordine
199 2825 342 2893 appareat.
379 2822 452 2876 Dum
470 2839 537 2876 vero
554 2823 606 2877 hoa
624 2824 707 2878 modo
730 2824 838 2878 directa
855 2823 943 2888 linea,
967 2838 1031 2889 pro-

77 2891 200 2961 prietate
223 2890 404 2951 sucessisse,
428 2890 511 2957 plane
533 2890 569 2943 ad
591 2892 742 2945 transversi
764 2890 869 2944 ordinis
890 2904 1025 2952 normam,

79 2957 157 3012 cuius
175 2957 278 3027 gradus
295 2955 401 3027 proprii
419 2958 492 3018 sunt,
509 2957 654 3024 redigitur,
674 2957 744 3010 adeo
762 2962 794 3010 ut
805 2957 836 3009 et
851 2955 963 3024 gradus,
982 2956 1031 3022 qui

78 3024 153 3078 intus
171 3026 243 3088 sunt
261 3039 350 3092 usque
367 3022 403 3076 ad
415 3023 524 3077 iunctas
541 3023 576 3076 iis
593 3023 803 3077 ascendentium
816 3025 845 3076 et
862 3021 1031 3075 descenden-

78 3092 150 3145 tium
162 3106 295 3161 personas
306 3090 476 3159 pertiugant,
490 3090 608 3158 apparet
619 3092 711 3143 totum
724 3091 838 3142 schema
846 3088 882 3141 ad
891 3087 1030 3141 illustran-

79 3158 146 3211 dum
168 3158 212 3213 ius
235 3158 261 3211 le
282 3157 306 3210 is
327 3155 439 3220 Furiae,
467 3171 500 3208 ex
523 3171 579 3221 quo
602 3157 630 3208 et
651 3156 777 3209 intestati
801 3156 865 3208 bon.
886 3155 1030 3223 possessio,

78 3225 199 3279 maxime
212 3241 249 3279 un
271 3239 286 3277 8
297 3224 416 3290 cognati,
429 3222 581 3291 pendebat,
594 3220 768 3297 aliarumque
779 3219 876 3290 legum
886 3236 1026 3288 compara·

78 3293 137 3344 tum
157 3307 223 3348 esse.
259 3289 314 3344 Sed
333 3289 481 3359 praecipue
499 3287 578 3350 illud,
597 3287 671 3355 quod
689 3286 812 3341 Isidorus
827 3287 957 3349 serravit,
977 3303 1024 3340 er·
1037 3308 1074 3355 [53

79 3357 204 3425 emplum
216 3357 259 3412 ius
272 3357 342 3434 legis
352 3355 440 3410 Iuliae
450 3354 641 3409 uicesimariae
653 3356 793 3423 spectasse
805 3353 931 3415 videtum
949 3371 1030 3421 quor-

79 3440 140 3477 sum
155 3425 229 3477 enirn
241 3424 382 3492 pertineat
393 3422 443 3477 illa
454 3420 598 3475 adnotatio
614 3419 719 3488 ‘Usque
731 3419 767 3472 ad
779 3419 852 3473 huuc
864 3419 1030 3472 laterculum

101 3506 215 3545 ersonae
232 3491 371 3545 immunes
389 3489 476 3551 sunt’‚
494 3488 548 3545 nisi
565 3486 601 3541 ad
618 3486 785 3541 immuuosa
800 3485 933 3540 uicesima
950 3486 1029 3540 bere·

79 3507 231 3616 ¹siitatiuml
254 3556 379 3620 Accedit,
396 3554 506 3625 quodsi
519 3554 654 3609 bonorum
668 3551 834 3622 possessioni
846 3552 1030 3622 explicandae
