2362 3938
335 193 628 252 ARGONAUTICON
645 195 755 251 LIBER
773 196 793 253 I.

50 345 104 405 hic
127 360 213 405 soror
237 342 392 424 Aeoliden,
415 361 523 404 aeuum
546 362 685 404 mansura
707 363 762 422 per
786 363 882 426 omne,

54 435 180 515 deserit,
203 432 262 492 heu
287 450 392 493 saeuae
416 434 597 512 nequiquam
621 441 723 512 erepta
745 431 908 493 nouercae!

53 523 102 583 illa
126 520 247 602 quidem
271 520 358 581 fessis
380 521 467 599 longe
491 524 566 601 petit
588 521 688 582 umida
710 521 815 600 palmis

54 609 179 694 uellera,
203 608 256 670 sed
279 608 396 670 bibulas
419 612 539 688 urgenti
557 609 689 689 pondere
713 619 815 671 uestes

53 699 134 760 unda
156 697 249 760 trahit
270 697 390 776 leuique
414 715 519 758 manus
542 698 683 759 labuntur
707 698 742 759 ab
762 716 844 759 auro.
1019 709 1074 762 too

55 790 122 868 quis
146 786 214 867 tihi,
236 785 359 867 Phrixe,
378 785 476 867 dolor,
499 786 602 847 rabido
626 804 695 847 cum
718 789 854 848 concitus
877 796 961 849 aestu

55 877 224 956 respiceres
247 877 373 936 miserae
397 875 552 936 clamantia
576 877 700 955 uirginis
725 893 776 936 cra

56 972 252 1043 extentasque
276 981 381 1024 manus
406 982 584 1043 sparsosque
607 982 662 1044 per
685 982 814 1044 aequora
838 964 949 1026 crines!

144 1053 264 1132 lamque
288 1070 371 1112 mero
394 1051 525 1132 ludoque
549 1053 668 1134 modus,
691 1055 840 1133 positique
865 1056 973 1134 quietis

56 1143 230 1203 conticuere
254 1143 342 1221 toris3
365 1140 446 1201 solus
470 1141 579 1220 quibus
602 1142 706 1203 ordine
730 1141 805 1202 fusis
1020 1153 1075 1205 000

55 1232 205 1311 inpatiens
229 1231 325 1290 somni
349 1230 456 1290 ductor
479 1238 586 1291 manet.
632 1231 713 1291 hunc
737 1233 836 1309 grauis
860 1231 958 1293 Aeson

56 1327 85 1379 et
108 1321 223 1406 pariter
246 1317 318 1397 uigil
341 1317 490 1397 Alcimede
514 1313 708 1399 spectantque
727 1314 899 1399 tenentque
958 1353 960 1359 ·

55 1406 137 1488 pleni
160 1406 272 1468 oculos.
317 1405 376 1466 illfs
398 1407 506 1486 placidi
530 1410 676 1468 sermonis
699 1407 786 1468 lason

56 1498 192 1578 suggerit
214 1496 330 1556 adfatus
354 1494 530 1575 turbataque
554 1504 677 1575 pectora
700 1497 819 1557 mulcet.

56 1603 138 1666 mox,
163 1584 215 1645 ubi
237 1586 317 1645 uicta
341 1586 426 1662 graui
449 1585 623 1646 occiderunt
645 1585 757 1644 lumina
780 1578 911 1665 000000,Ι
1019 1594 1075 1645 300

56 1676 121 1734 uisa
146 1680 303 1733 coronatae
327 1672 443 1752 fulgens
467 1673 559 1755 tutela
582 1675 699 1734 carinae
749 1695 751 1699 ’

57 1761 184 1822 uocibus
207 1761 254 1822 his
278 1761 394 1822 adstare
418 1757 688 1823 duci:·‘l]odouida
711 1777 855 1838 quercum

59 1849 345 1929 Chaoniique‘uides
369 1841 516 1911 famulam‘
530 1850 618 1930 louis.
665 1867 794 1928 aequora
817 1856 918 1908 tecum

58 1939 223 2018 ingredior,
246 1957 302 1998 uec
325 1939 453 2005 fatidicis
477 1937 605 2000 auellere
629 1939 713 1998 siluis

58 2046 105 2087 mc
128 2029 188 2087 nisi
210 2029 358 2107 promisso
381 2029 479 2107 potuit
503 2027 641 2120 Satupnia
664 2027 754 2087 caelo.
1021 2033 1076 2086 300

59 2123 177 2196 tempus
201 2115 292 2176 adest.
316 2133 369 2195 age
393 2134 500 2196 rumpe
523 2115 635 2177 moras!
659 2134 739 2176 nunc
762 2131 891 2194 aequore
915 2119 980 2173 tuto

59 2206 222 2285 currimus,
245 2205 436 2285 incertumst,
460 2208 485 2266 si
510 2204 611 2265 nubila
634 2204 753 2265 duxerit
776 2202 886 2264 aether.

57 2295 116 2352 ianr
138 2295 198 2353 iam
220 2295 304 2355 mitte
328 2301 438 2374 metus,
462 2294 558 2355 fidens
582 2296 758 2374 superisque
782 2285 936 2370 mihique?

59 2381 182 2442 dixerat.
227 2380 276 2441 ille
298 2399 425 2462 pauens,
448 2383 527 2444 laeto
552 2399 730 2461 quamquam
752 2383 850 2441 omine
874 2380 986 2462 diuum,

58 2469 198 2549 prosiluit
221 2471 331 2531 stratis.
377 2470 490 2551 Minyas
514 2471 602 2532 simul
624 2468 732 2550 optulit
755 2472 851 2530 omnis
1022 2479 1079 2530 310

59 2557 134 2617 alma
157 2576 237 2618 nouo
260 2561 395 2638 crispans
417 2559 540 2639 pelagus
563 2559 700 2620 Tithonia
722 2558 852 2620 Phoebo.

59 2646 234 2707 discurrunt
257 2650 411 2708 transtris:
434 2648 465 2708 hi
489 2648 569 2709 celso
593 2665 705 2709 cornua
727 2648 805 2708 malo

60 2734 235 2816 expediunt,
259 2735 307 2796 alii
329 2743 431 2796 tonsas
454 2739 485 2797 in
509 2745 795 2797 marmore'summo

59 2831 292 2904 praetemptant,
315 2842 404 2903 prora
428 2826 530 2887 funem
544 2825 743 2906 legitjrgus
767 2823 803 2884 ab
827 2824 892 2884 alta.

149 2911 327 2973 Increscunt
348 2921 477 2975 matrum
499 2917 628 2993 gemitus
651 2922 681 2973 et
704 2914 792 2974 fortia
815 2911 955 2990 languent
1022 2919 1078 2968 310

60 3000 150 3061 corda
174 3008 306 3080 patrum3
329 3001 425 3081 longis
447 3002 554 3062 flentes
577 3000 760 3080 amplexibus
783 3000 914 3059 haerent.

59 3105 118 3148 uox
142 3095 242 3148 tamen
266 3088 432 3151 Alcimedes
453 3091 590 3171 planctus
614 3105 705 3168 super
728 3089 839 3147 eminet
861 3103 977 3146 omnes:

59 3175 198 3237 femineis
221 3185 338 3239 tantum
360 3178 409 3239 illa
432 3179 535 3240 furens
558 3176 720 3239 ululatibus
742 3183 849 3255 opstat,

58 3263 161 3325 obruit
183 3264 301 3326 Idaeam
323 3275 467 3346 quantum
487 3267 557 3328 tuba
579 3266 683 3326 Martia
706 3264 848 3324 buxum*

59 3352 140 3413 fatur
163 3361 194 3414 et
216 3353 303 3416 hacc:
327 3350 406 3416 ‘nate
428 3356 566 3435 indignos
589 3356 704 3414 aditure
727 3351 854 3432 lahoreS,
1023 3358 1078 3409 320
1165 3372 1170 3381 ·

59 3440 237 3522 diuidimur3
261 3443 454 3523 mendicos
477 3446 608 3507 animum
631 3458 811 3521 componere
834 3457 919 3499 casus

59 3536 138 3611 ante¹
153 3529 269 3617 datum,
293 3532 344 3592 sed
368 3531 445 3592 heila
467 3532 521 3592 tibi
544 3539 699 3608 terrasque
722 3527 870 3589 timebam.
