2362 3938
127 192 172 255 46
467 188 497 247 0.
517 188 656 244 Vanum
672 187 802 243 runch

128 339 243 399 adstitit
265 346 296 399 et
319 337 428 418 triplici
450 337 572 418 pulsans
596 339 712 418 fastigia
735 339 825 398 crista

128 428 198 488 hinc
222 429 281 488 ciet
303 446 372 488 aere
395 429 503 488 uirum.
550 429 685 505 sequitur
707 445 762 506 per
785 427 903 486 moenia
926 427 1056 489 demens

128 516 177 576 ille
202 517 286 577 deam
310 524 340 576 et
363 516 430 576 latis
455 522 585 576 extrema
608 518 639 576 in
661 515 774 595 proelia
797 514 905 594 tendit3

129 605 224 684 qualis
248 608 279 666 in
303 603 425 665 Alciden
449 613 479 665 et
502 604 616 664 Thesea
639 603 772 665 Rhoetus
795 604 890 681 iniqui
1117 617 1146 668 ct

129 694 208 755 nube
231 696 307 754 meri
330 695 477 773 geminam
499 692 631 753 Pholoen
653 695 823 771 maioraque
848 710 978 753 cernens

129 792 213 844 antra
236 785 310 865 ruit,
334 781 468 861 qualisue
491 781 570 842 redit
592 781 750 842 uenatibus
773 783 847 842 actis

128 872 223 932 lustra
244 880 330 952 pater
354 871 545 949 Triuiamque
569 889 679 930 canens
702 888 866 952 umeroque
888 867 1064 932 Learchum

129 960 262 1040 aduehit,
286 968 315 1020 at
337 962 463 1020 miserae
488 959 636 1019 declinant
658 959 770 1020 lumina
793 957 921 1018 Thebae.

128 1050 245 1128 iamque
269 1049 341 1109 adeo
366 1067 421 1108 nec
443 1055 530 1128 porta
553 1048 660 1108 ducem
683 1066 738 1108 nec
760 1065 838 1127 pone
862 1054 1000 1107 moratur
1116 1059 1145 1111 70

129 1135 268 1197 excubias
292 1139 397 1196 sortita
420 1155 539 1215 manus,
563 1154 637 1215 quae
660 1138 756 1216 prima
780 1137 891 1196 iurenti

128 1224 259 1303 aduolat3
281 1224 351 1284 hinc
375 1223 424 1283 alii
447 1223 590 1305 subeunt,
613 1233 647 1285 ut
668 1227 803 1304 proxima
827 1241 962 1303 quaeque

49 1358 55 1367 .
127 1313 283 1373 intremuit
306 1311 412 1372 domus
435 1319 466 1372 et
487 1320 588 1373 motus
611 1316 726 1393 accepit
748 1315 859 1373 inanes.

172 1401 209 1461 At
231 1400 344 1480 Minyas
367 1418 476 1480 anceps
498 1401 562 1461 lixit
584 1420 692 1481 pauor3
716 1420 803 1481 aegra
825 1404 961 1461 uirorum

129 1490 218 1551 corda
241 1489 352 1571 labant,
376 1508 431 1550 nec
455 1492 636 1569 quaeregio
660 1499 710 1551 aut
733 1492 903 1552 discrimina
927 1498 1068 1573 cernunt,
1114 1500 1144 1553 tt

129 1598 183 1640 cur
207 1579 305 1659 galeae
330 1579 477 1658 clipeique
500 1581 623 1660 micent,
647 1598 720 1640 num
741 1578 871 1659 peruigil
893 1581 985 1640 armis
1053 1614 1056 1618 .

128 1755 223 1816 donec
247 1764 277 1816 et
299 1756 384 1816 hasta
406 1754 510 1816 uolans
533 1757 645 1816 inmani
668 1755 788 1817 turbine
812 1757 952 1817 transtris

127 1846 260 1905 insonuit
282 1847 457 1923 monuitque
481 1852 575 1904 ratem
598 1863 703 1923 rapere
728 1843 816 1905 obuia
839 1861 927 1904 caeca

127 1951 208 1993 arma
230 1951 328 1994 manu.
374 1935 515 2013 princeps
538 1933 650 2012 galeam
674 1935 853 2012 constringit
874 1932 961 1992 lason
1110 1942 1142 1994 80

127 2022 296 2083 uociferans
320 2017 456 2101 ‘primam
479 2022 556 2081 hanc
579 2023 652 2102 nati,
675 2030 773 2103 pater,
797 2023 897 2101 accipe
920 2039 1054 2100 pugnam

127 2129 256 2191 uosque,
279 2112 355 2191 uiri,
378 2117 495 2189 optatos
518 2109 584 2190 huc
601 2110 702 2170 adlore
727 2111 838 2171 credite
863 2105 1010 2170 Colchos?

127 2199 263 2260 Bistonas
287 2200 318 2257 in
340 2198 455 2259 medios
479 2217 534 2259 ceu
557 2199 682 2259 Martius
706 2199 788 2259 exiht
810 2201 899 2258 astris

127 2306 248 2368 currus,
272 2286 324 2347 ubi
346 2289 483 2366 ingentes
507 2289 619 2347 animae
644 2286 814 2366 clamorque
839 2286 987 2365 tubaeque

127 2377 323 2453 sanguineum
346 2378 450 2436 iuuere
475 2375 577 2456 deum,
600 2394 661 2436 non
685 2378 805 2454 segnius
828 2376 877 2436 ille
1112 2385 1144 2438 85

127 2472 253 2541 occupat
275 2480 347 2522 arua
371 2464 487 2543 lurens3
511 2467 647 2542 sequitur
671 2466 717 2525 uis
741 2466 837 2525 omnis
860 2463 1017 2524 Achiuum.

126 2549 328 2629 adglomerant
350 2550 456 2631 latera,
479 2558 509 2611 et
533 2552 633 2613 densis
657 2553 829 2614 thoracibus
851 2554 978 2613 horrens

126 2646 184 2699 stat
206 2657 326 2719 manus,
349 2642 488 2718 aegisono
513 2659 601 2719 quam
625 2659 680 2701 nec
703 2642 767 2701 iera
788 2650 910 2721 pectore
934 2643 1021 2719 uirgo

126 2727 283 2806 dispulerit
304 2746 360 2787 nec
383 2729 487 2789 dextra
509 2729 589 2790 louis
613 2729 783 2809 Terrorque
806 2730 973 2809 Pauorque,

124 2815 228 2875 Martis
252 2818 329 2894 equi.
377 2820 419 2877 sic
443 2821 589 2878 contextis
613 2817 793 2879 umbonibus
816 2826 933 2899 urgent,
1112 2830 1147 2880 ao

125 2903 262 2965 caeruleo
285 2905 381 2967 ueluti
404 2925 473 2966 cum
495 2907 630 2986 luppiter
654 2909 769 2986 agmine
794 2907 905 2968 nubem

125 2995 294 3074 constituit3
318 3002 433 3055 certant
456 2995 576 3075 zephyri
599 2996 770 3074 frustraque
794 3000 940 3075 rigentem

121 3082 222 3161 pulsat
244 3085 395 3162 utrimque
419 3092 521 3165 notus;
543 3084 676 3164 pendent
699 3085 834 3146 mortalia
856 3085 944 3162 longo

124 3170 214 3230 corda
237 3179 332 3252 metu,
357 3172 465 3251 quihus
488 3172 537 3233 illa
560 3173 659 3253 iretis,
683 3174 792 3251 quibus
816 3174 927 3234 incidat
949 3174 1039 3233 aruis,

166 3256 243 3317 Hinc
267 3277 372 3321 manus
396 3260 498 3321 inielix
522 3260 651 3320 clamore
674 3262 817 3340 inpellere
841 3280 947 3340 magno
1107 3272 1145 3323 95

123 3361 192 3403 saxa
215 3346 355 3426 facesque
379 3356 457 3408 atras
481 3355 512 3408 et
535 3355 630 3408 tortae
653 3350 785 3428 pondera
809 3350 931 3428 lundae3

122 3429 182 3490 fert
205 3436 321 3495 sonitus
344 3439 455 3496 inmota
477 3435 604 3515 phalanx
627 3438 746 3514 irasque
770 3443 929 3516 retentant,

121 3521 278 3597 congeries
302 3522 373 3583 dum
395 3525 491 3603 prima
513 3523 593 3584 fluat.
639 3524 785 3584 stellantia
808 3523 930 3603 Mopsus
