2362 3938
155 205 219 270 124
510 202 539 258 C.
558 203 695 258 venum
713 202 844 260 FLACCI

154 355 272 415 aduolat
294 353 457 413 Aesonides
480 361 667 430 mortemque
691 353 824 413 cadentis
847 351 976 413 acerbat.
1015 393 1016 397 =
1115 362 1153 412 666

154 445 305 523 spargitur
327 441 397 502 hinc
421 443 598 519 miserisque
621 442 709 520 uenit
727 443 786 501 iam
809 448 898 501 notus
922 440 1031 501 Alanis.
1106 507 1108 511 ἲ

198 531 236 593 At
259 533 362 610 regina
384 532 485 590 uirum
509 522 621 610 (neque
645 531 726 589 enim
749 528 803 589 dea
827 537 998 590 summouet
1020 523 1128 611 ignem)

154 621 347 699 persequitur
369 618 501 678 lustrans
525 616 677 695 oculisque
701 616 875 678 ardentibus
898 617 1018 700 haeret3

156 717 186 769 et
208 711 267 768 iam
290 708 365 768 laeta
388 708 487 788 minus
510 707 677 784 praesentis
700 707 827 784 imagine
850 723 968 785 pugnae

156 799 338 877 castigatque
361 801 459 855 metus
483 801 513 854 et
536 811 610 872 quas
634 793 684 854 alit
706 796 799 854 inscia
823 812 920 876 curas,
1120 804 1162 856 666

156 886 336 965 respiciens,
359 901 396 943 an
419 900 492 943 uera
516 899 602 942 soror
626 875 709 964 (nam
732 881 855 963 credere
879 883 969 942 ialsos

157 974 247 1035 audet
269 979 354 1033 atrox
376 964 509 1052 uultus),
533 969 695 1048 eademque
718 972 750 1030 in
772 970 879 1049 gaudia
901 988 1010 1031 rursus

156 1061 266 1122 labitur
289 1069 319 1122 et
342 1077 449 1120 saeuae
471 1057 600 1119 trahitur
624 1057 780 1119 dulcedine
803 1059 946 1119 flammae.

157 1167 191 1210 ac
214 1147 298 1210 uelut
323 1155 391 1208 ante
416 1164 515 1206 comas
538 1165 572 1206 ac
597 1164 712 1207 summa
735 1149 888 1207 cacumina
911 1146 1004 1208 siluae

155 1234 273 1297 lenibus
296 1234 408 1295 adludit
430 1233 531 1294 flabris
554 1234 630 1295 leuis
653 1242 770 1317 auster,
793 1235 929 1296 atilium
1120 1241 1164 1292 666

154 1327 293 1404 protinus
315 1325 465 1383 inmanem
487 1323 614 1382 miserae
638 1341 760 1384 sensere
784 1325 914 1384 carinae:

157 1412 224 1474 talis
247 1412 283 1472 ad
306 1418 457 1472 extremos
480 1412 577 1488 agitur
600 1410 703 1472 Medea
727 1412 854 1472 furores.

157 1501 308 1564 interdum
331 1499 456 1561 blandae
480 1499 604 1578 derepta
626 1499 748 1560 monilia
770 1499 857 1561 diuae

158 1597 324 1652 contrectat
346 1591 516 1667 miseroque
541 1595 622 1667 aptat
644 1588 798 1667 flagrantia
822 1588 907 1672 collo,

159 1697 276 1758 quaque
299 1677 381 1738 dedit
402 1685 523 1738 teneros
547 1694 653 1737 aurum
676 1675 781 1736 furiale
804 1694 859 1757 per
882 1685 975 1760 artus,
1123 1685 1172 1737 tto

158 1767 270 1846 deficit3
293 1784 328 1826 ac
351 1784 405 1826 sua
427 1768 513 1844 uirgo
536 1764 609 1825 deae
632 1767 796 1844 gestamina
818 1764 926 1848 reddit,

157 1873 219 1916 non
241 1856 380 1936 gemmiS,
403 1872 464 1913 non
485 1853 544 1926 illa
557 1853 618 1913 leui
640 1852 760 1914 turbata
782 1853 910 1935 metallo,

158 1943 210 2004 sed
233 1942 358 2024 lacibuS,
381 1938 433 2002 se'd
456 1941 534 2001 mole
558 1941 615 2023 dei,
639 1958 728 2020 quem
749 1949 872 2020 pectore
896 1949 960 2003 toto

157 2035 217 2093 iam
238 2040 334 2112 tenet3
357 2038 509 2091 extremus
531 2047 618 2089 roseo
641 2029 739 2108 pudor
762 2038 843 2091 errat
865 2032 896 2090 in
920 2048 982 2090 ore.

158 2139 192 2181 ac
214 2122 298 2200 prior
320 2120 381 2180 his:
404 2114 692 2203 ‘credisnehpatrem
714 2121 860 2197 promissa
883 2118 1033 2200 daturum,
1122 2127 1172 2178 666

159 2228 176 2268 o
201 2226 300 2289 soror,
323 2207 478 2286 Argolicus
502 2208 551 2266 cui
574 2206 620 2266 dis
639 2205 812 2267 melioribus
835 2206 944 2286 hospes

159 2292 305 2376 contigit?
327 2302 378 2356 aut
401 2294 471 2355 belli
495 2302 639 2373 quantum
661 2297 720 2354 iam
741 2302 835 2355 restat
857 2290 980 2355 acerbi?

158 2384 218 2445 heu
242 2383 350 2463 quibus
372 2385 472 2462 ignota
496 2401 561 2443 sese
584 2401 639 2462 pro
663 2389 750 2461 gente
773 2383 895 2462 perichs

159 2467 275 2533 obiciti'
298 2471 371 2531 haec
394 2471 506 2530 iontem
528 2470 625 2531 medio
649 2473 680 2531 in
704 2489 842 2532 sermone
866 2471 988 2549 reliquit

158 2561 270 2638 incepti
292 2562 351 2619 iam
373 2557 447 2618 luno
465 2566 573 2636 potens
597 2577 762 2639 securaque
786 2560 906 2623 fraudis.
1124 2570 1172 2621 666

202 2646 330 2707 Inminet
352 2665 368 2706 e
392 2645 480 2706 celsis
503 2645 660 2707 audentius
678 2648 803 2727 inproba
826 2651 920 2710 muris
1088 2656 1096 2666 ’

158 2737 243 2816 uirgo
266 2752 322 2795 nec
346 2733 471 2795 ablatam
494 2737 631 2814 sequitur
654 2739 808 2818 quaeritue
832 2756 975 2804 sororem.

158 2832 188 2890 at
211 2826 348 2911 quotiens
370 2825 418 2889 uis
441 2823 515 2888 dura
533 2825 644 2892 ducum
666 2829 810 2914 densique
834 2838 957 2916 repente

157 2920 326 2984 Aesoniden
348 2939 486 3002 pressere
510 2923 570 2985 uiri
592 2941 720 3004 cumque
745 2926 841 2984 omnis
864 2927 895 2985 in
918 2941 1012 2985 unum

157 3010 253 3072 imber
275 3013 323 3094 iit,
345 3015 455 3073 totiens
478 3015 556 3074 saxis
578 3013 714 3092 pulsatur
737 3020 767 3073 et
789 3012 892 3073 hastis.
1121 3021 1172 3071 686

85 3123 87 3126 ·
124 3125 126 3129 ·
156 3102 310 3179 primaque
334 3100 370 3161 ad
393 3102 494 3164 infesti
517 3100 680 3162 Lexanoris
703 3101 821 3162 horruit
843 3119 940 3182 arcus,

157 3186 214 3248 alta
237 3188 289 3249 sed
313 3188 474 3250 Aesonium
497 3207 587 3269 supra
610 3197 699 3270 caput
722 3191 783 3250 exit
805 3188 950 3270 harundo,

155 3281 259 3357 teque,
283 3275 383 3358 Caice,
402 3279 491 3358 petit,
515 3279 644 3338 coniunx
668 3279 835 3339 miseranda
859 3278 946 3339 Caico

154 3359 300 3441 linquitur
324 3373 354 3425 et
376 3367 473 3443 primo
496 3364 603 3426 domus
625 3366 791 3445 inperfecta
814 3364 913 3427 cubili.

200 3448 312 3529 Regius
335 3455 398 3512 eois
420 3452 553 3531 Myraces
576 3456 726 3532 interpres
749 3452 785 3513 ab
809 3455 870 3512 oris
1124 3469 1172 3519 696

155 3545 292 3619 uenerat,
316 3547 350 3599 nt
374 3538 499 3599 Colchos
521 3541 627 3618 procul
650 3540 745 3619 adque
769 3540 871 3598 Aeetia
893 3539 1011 3602 Parthis
