2362 3938
115 203 160 268 46
549 200 697 256 arcear.

116 387 189 432 cum
213 365 433 448 cataphractis
455 363 543 430 viros
567 363 693 448 accipit,
716 362 800 446 quod
824 366 1009 428 armaturae
1029 384 1130 448 genus

116 455 250 520 orientis
282 454 428 519 inventio
459 457 523 536 est,
556 474 593 517 ac
623 457 692 516 tum
723 450 844 534 Tyrum
875 450 1016 515 advenit.
1071 451 1131 517 Sed

116 543 203 608 enim
226 541 321 626 Tyrii
349 542 518 606 moenibus
547 540 666 605 clausis
695 538 735 603 ab
763 539 913 623 ingressu
942 539 1055 624 oppidi
1084 563 1131 606 ar-

117 653 188 696 cere
216 630 435 695 Alexandrum
465 628 731 711 obfirmaverunt,
760 648 827 692 non
855 630 1046 713 contemptu
1075 631 1132 695 sci·

90 720 194 785 slicet
217 720 333 785 virium
356 719 443 784 tanti
466 716 620 797 nominis,
648 715 704 780 sed
728 715 850 780 oraculi
875 717 1043 781 cuiusdam
1068 741 1131 782 me-

116 831 237 890 mores,
267 829 331 892 quo
362 808 566 889 docerentur,
596 804 681 887 quod
712 804 739 867 si
768 825 825 868 rex
852 804 967 870 urbem
996 804 1131 890 Tyriam

116 897 264 963 invectus
284 917 356 960 cum
374 894 516 958 exercitu
529 892 744 975 transivisset,
763 893 895 960 fortuna
909 898 987 958 tune
1002 895 1131 978 lapsum

117 985 236 1069 oppido
264 984 450 1048 minaretur.
502 980 685 1045 Alexander
714 985 824 1045 tamen
854 1004 926 1046 eum
956 983 1131 1049 admolitus

115 1072 301 1137 violentiam
318 1071 472 1154 oppidum
492 1072 625 1153 cuperet
643 1070 827 1155 subiugare,
847 1070 982 1155 ancipiti
996 1073 1131 1157 proelio,

75 1186 101 1224 ro
115 1161 225 1225 multis
252 1159 351 1224 etiam
375 1157 589 1224 Macedonum
617 1158 720 1222 caesis
748 1181 786 1223 ac
808 1159 987 1225 vulneratis
1015 1162 1127 1243 pedem

113 1247 220 1312 refert.
262 1246 395 1311 Praeter
416 1246 496 1310 illud
514 1247 616 1331 igitur
636 1246 727 1330 prius
746 1248 1029 1331 magnanimitatis
1055 1272 1131 1315 suae

114 1335 257 1401 studium
285 1335 351 1399 iam
380 1335 478 1400 etiam
506 1335 732 1419 indignatione
761 1335 939 1401 ferventior
969 1337 1129 1403 excidium

113 1423 219 1509 Tyriis
243 1425 429 1488 minabatur
448 1424 550 1507 deque
574 1444 612 1487 ea
634 1444 669 1487 re
693 1428 835 1490 somniat
858 1426 1025 1490 admoneri
1050 1449 1129 1511 sese,

113 1535 153 1579 ne
183 1515 381 1599 legationem
412 1513 463 1577 sui
491 1512 613 1597 Tyrum
643 1533 702 1596 per
732 1534 803 1578 sese
833 1513 948 1597 faciat3
977 1514 1011 1578 id
1042 1516 1129 1580 enim

74 1628 100 1668 rs
114 1603 222 1669 animo
245 1602 519 1687 praedestinabat.

205 1690 262 1756 36.
294 1690 405 1756 Missis
428 1691 529 1777 igitur
552 1690 762 1757 internuntiis
785 1691 912 1757 litteras
941 1691 997 1755 dat
1021 1691 1127 1776 Tyriis
1147 1705 1180 1756 40

114 1780 337 1864 perferendas,
361 1802 496 1865 quarum
522 1781 684 1845 sententia
705 1779 785 1846 baec
810 1785 873 1845 est:
901 1779 1128 1846 ‘Macedonum

114 1891 179 1948 rex,
201 1870 289 1935 filius
313 1868 485 1935 Ammonis
508 1867 730 1955 Philippique,
753 1891 809 1934 rex
831 1889 945 1954 regum
969 1871 1129 1935 maximus

114 1959 214 2023 Asiae
249 1981 307 2024 seu
337 1959 488 2043 Europae
520 1960 572 2023 vel
604 1959 742 2042 Libyae,
780 1957 888 2041 Tyriis
924 1958 1005 2023 haec
1041 1960 1129 2025 dicit.

74 2071 100 2110 ro
115 2046 275 2130 Equidem
306 2045 467 2112 Graecum
497 2049 530 2109 et
561 2047 729 2130 imperiale
759 2046 929 2111 videbatur
959 2068 1033 2112 cum
1066 2049 1129 2113 ele·

112 2134 237 2197 mentia
259 2135 383 2216 pariter
407 2157 443 2199 ac
466 2133 592 2197 iustitia
615 2134 725 2198 invehi
749 2135 861 2197 urbem
884 2139 1036 2199 vestram.
1083 2137 1130 2202 At

112 2221 199 2284 enim
215 2241 271 2284 vor
286 2222 384 2303 primi
404 2221 546 2286 omnium
562 2220 744 2303 exstitistis,
763 2222 818 2303 qui
835 2220 915 2285 mihi
930 2222 1126 2287 insolentius

112 2308 298 2373 obviaretis.
345 2309 454 2392 Igitur
475 2330 533 2392 per
555 2330 613 2372 vos
638 2309 752 2373 ceteris
777 2308 875 2372 etiam
898 2308 1124 2392 magisterium

110 2395 351 2481 procurabitur,
380 2396 456 2480 quid
478 2396 594 2461 virium
619 2396 663 2461 sit
690 2397 723 2460 in
746 2395 957 2460 Macedonum
982 2397 1124 2462 dexteris

70 2507 96 2548 ss
111 2505 149 2548 ac
171 2483 376 2568 fortitudine,
403 2505 507 2567 neque
536 2484 622 2548 enim
645 2507 704 2550 vos
732 2485 857 2549 iuvabit
885 2484 1006 2549 oraculi
1034 2483 1124 2550 illius

109 2572 253 2637 iactatio.
306 2571 540 2658 Transgrediar
570 2573 656 2636 enim
687 2572 841 2658 oppidum
871 2576 1033 2655 vestrum,
1067 2577 1123 2639 sed

109 2660 252 2724 dirutum
272 2664 367 2744 atque
388 2661 564 2725 disiectum.
604 2660 730 2745 Valete,
753 2662 780 2726 si
800 2662 927 2745 rapitis:
950 2664 1123 2727 nonenim

109 2749 277 2834 valebitis,
310 2751 337 2813 si
368 2747 605 2832 perseveratis?
658 2748 719 2813 His
753 2750 872 2815 litteris
904 2750 996 2814 lectis
1030 2751 1123 2835 Tyrii
1142 2765 1176 2815 41

109 2838 265 2922 primates
288 2838 416 2923 legatos
439 2837 588 2923 protinus
617 2838 737 2923 corripi
764 2839 876 2904 iubent
904 2838 1013 2922 eisque
1042 2842 1123 2905 mul·

200 3072 214 3119 1
234 3067 409 3121 armaturaco
428 3067 509 3119 tenus
528 3072 556 3120 Τ.
600 3070 615 3119 3
635 3065 737 3121 clausis
756 3073 784 3119 τ.
809 3065 945 3121 obseratis
964 3066 998 3121 A.
1024 3084 1073 3120 om.
1089 3069 1120 3124 P.

109 3137 228 3207 ingressi
238 3139 271 3192 P.
308 3141 325 3190 4
341 3136 561 3192 obfirmaverunt
568 3136 603 3192 A.
612 3136 646 3192 P.
661 3136 892 3206 obsignaveratr.
913 3137 1120 3207 contempturi.

110 3209 242 3278 oontepto
268 3214 296 3263 τ,
326 3210 473 3263 contentus
494 3207 528 3261 P.
637 3213 651 3261 7
677 3207 791 3262 fortuna
816 3210 881 3262 tuno
907 3207 1018 3276 lapsum
1044 3211 1120 3263 A.P.

109 3276 239 3334 fortunae
257 3279 325 3333 tunc
342 3279 453 3347 lapsum
472 3277 569 3347 oppidi
588 3277 799 3333 dominarentur
817 3285 844 3331 Τ.
877 3279 1006 3333 fortunae
1025 3280 1120 3349 lapsus

108 3349 209 3405 Erec-u.
229 3351 426 3419 cflp.44,16.
526 3353 559 3402 11
579 3348 667 3416 igitur
685 3351 753 3404 M.
777 3348 863 3404 etiam
883 3351 914 3404 P.
1012 3356 1044 3403 12
1064 3352 1121 3404 iam

108 3420 194 3473 etiam
213 3420 282 3475 Μ.
310 3418 366 3475 iam
388 3420 422 3475 P.
514 3425 546 3473 13
566 3419 711 3474 admoneri
729 3426 756 3474 Τ.
784 3422 892 3475 moneri
910 3422 945 3474 A.
954 3421 986 3475 P.

195 3491 245 3545 86.
271 3497 303 3545 17
324 3489 477 3545 sententias
496 3490 528 3545 P.
587 3496 619 3545 19
639 3506 688 3545 seu
707 3507 756 3546 om.
775 3491 809 3547 P.
864 3495 899 3544 24
918 3490 1003 3546 sitin
1022 3509 1072 3547 om.
1092 3499 1118 3546 Τ.

107 3565 141 3615 25
159 3559 355 3616 fortitudinem
375 3568 401 3618 r.
439 3560 549 3616 iubabit
567 3568 594 3616 r.
667 3566 700 3615 27
721 3561 794 3616 enim
814 3578 863 3617 om.
883 3562 915 3617 P.
