2376 3938
128 207 191 270 128
481 205 510 260 C.
530 204 668 259 vinnm
685 203 816 260 render

127 375 197 419 ecoe
220 357 303 417 uidet
326 358 410 418 tenui
433 357 611 419 candescere
635 354 747 415 lumine
771 372 874 434 eoum3

126 463 183 506 000
205 448 305 506 minus
328 446 495 505 insomnem
518 444 569 503 lux
591 450 657 503 orta
680 443 785 504 refecit
810 451 971 526 amantem,

128 552 218 613 quam
241 551 310 595 eum
332 533 507 611 languentes
529 531 606 591 leuis
629 533 718 610 erigit
740 530 836 592 imber
860 534 971 593 aristas

128 631 270 702 grataque
293 624 352 683 iam
375 622 462 682 fessis
485 618 671 681 descendunt
694 619 812 680 flamina
835 622 938 681 remis.
1109 631 1134 681 n

172 757 210 818 At
234 773 287 816 sua
309 755 466 835 longarum
488 753 601 832 Minyas
623 755 683 812 iam
706 771 778 814 cura
800 753 920 814 uiarum

129 844 281 928 admonet3
303 846 394 922 inquo
418 845 483 922 ipso
496 843 688 920 ,nequiquam
711 850 845 920 tempore
870 859 975 921 regem

128 931 256 994 laetitiae
280 934 438 1010 meritique
461 937 581 1010 petunt3
605 947 695 1008 quem
716 948 822 1008 passus
845 928 934 990 lason

128 1029 199 1082 uota
220 1023 305 1100 priu's
328 1027 487 1100 captasque
511 1017 575 1078 deis
597 1016 766 1097 appendere
788 1018 924 1099 praedas,

128 1111 279 1188 prominet
302 1109 396 1187 adque
421 1107 524 1167 oeulos
546 1105 634 1186 longo
657 1113 754 1187 tenet,
778 1124 868 1167 aurea
893 1108 918 1166 si
942 1109 1004 1167 iam
1110 1117 1136 1166 3⁰
1179 1106 1181 1113 '

130 1196 217 1277 pellis
240 1203 271 1256 et
294 1195 399 1256 oblatis
423 1195 587 1257 clarescant
611 1197 685 1255 atria
707 1193 795 1255 uillis,

1176 992 1181 1053 i

172 1326 224 1387 [lle
248 1335 348 1388 autem
370 1329 429 1387 iam
452 1329 511 1387 iam
534 1329 637 1389 uultus
660 1346 811 1407 uocesque
834 1337 992 1407 parantem

130 1417 283 1477 anteuenit
305 1418 477 1495 rumpitque
500 1433 600 1478 moras
622 1419 713 1495 inque
736 1419 800 1496 ipsa
823 1418 975 1477 mouentis

128 1504 247 1586 prosilit
270 1522 321 1565 ora
344 1506 404 1565 uiri
419 1504 536 1583 talique
560 1504 724 1566 effunditur
747 1507 803 1565 ira:

132 1588 215 1653 ‘orbe
240 1601 320 1654 satos
343 1593 413 1676 alio,
437 1611 490 1654 000
512 1592 600 1654 litora
622 1611 773 1673 regnaque
797 1592 951 1673 habentes,
1112 1603 1139 1654 at

131 1684 198 1761 quis
222 1683 306 1743 furor
329 1681 382 1742 has
404 1682 511 1743 mediis
533 1689 578 1742 tot
600 1681 742 1742 fluetibus
766 1683 826 1760 egit
848 1684 879 1742 in
903 1697 983 1763 oras,

132 1772 238 1848 quisue
262 1772 320 1830 mei
344 1788 399 1831 uos
421 1778 524 1832 tantus
547 1767 652 1832 amor?
674 1778 708 1831 tu
730 1771 827 1849 prima
849 1769 999 1831 malorum

131 1875 220 1918 00000
242 1859 329 1939 mihi,
352 1866 399 1939 tu,
422 1857 531 1919 Phrixe
554 1877 655 1938 gener.
688 1876 748 1925 000
771 1867 801 1920 te
825 1875 956 1937 aequore
981 1876 1113 1920 mersum

131 1964 190 2025 quo
209 1946 309 2008 soror!
332 1955 366 2008 nt
389 1947 459 2006 felix
481 1947 580 2007 nullos
603 1965 683 2007 nune
707 1950 826 2008 nomine
851 1945 956 2007 Graios

131 2053 252 2095 nossem
275 2034 343 2115 ego!
368 2037 434 2114 quis
448 2053 554 2113 regum
567 2034 672 2116 Pelias,
687 2037 754 2114 quis
768 2034 929 2096 Thessalus
952 2044 1006 2097 aut
1020 2054 1096 2115 quae
1114 2047 1142 2095 40

131 2120 275 2185 Graecia?
299 2122 447 2203 quodnam
460 2123 615 2184 hominum
628 2123 742 2203 Minyae
757 2119 873 2204 genus?
896 2130 947 2184 aut
972 2123 1025 2185 ubi
1049 2132 1142 2185 cautes

131 2204 285 2292 Cyaneae?
308 2214 392 2273 uenit
416 2211 568 2291 Scythicas
592 2231 629 2273 en
653 2212 761 2291 hospes
784 2215 816 2273 in
839 2230 914 2273 oras.

113 2302 345 2381 quinquaginta
368 2301 467 2361 Asiam
490 2295 597 2384 (pudet
620 2294 708 2384 heul)
731 2302 895 2380 penetrarit
918 2300 1007 2361 10000

131 2385 290 2450 exulibus?
312 2408 419 2468 meque
443 2397 510 2450 ante
531 2390 602 2450 ahos
626 2392 669 2450 sie
692 2392 843 2468 spreuerit
865 2407 934 2470 una,

131 2493 190 2535 una
213 2479 301 2557 ratis,
324 2477 450 2555 spolium
474 2485 508 2538 ut
530 2480 601 2538 uiuo
620 2477 656 2538 de
681 2496 751 2557 rege
774 2473 930 2557 reportet?
1114 2487 1141 2538 45

130 2565 229 2641 ipsum
253 2564 374 2644 offerre,
397 2582 480 2624 meos
502 2568 601 2644 ipsum
625 2584 672 2626 me
694 2568 826 2645 pandere
849 2566 932 2626 lucos

130 2652 258 2729 imperet
281 2659 312 2712 et
334 2651 415 2711 nullo
439 2652 578 2731 dignetur
601 2657 723 2714 uincere
747 2650 847 2715 bello?

132 2757 187 2799 eur
210 2758 263 2818 age
287 2758 346 2800 non
369 2741 487 2820 templis
512 2749 626 2802 sacrata
649 2743 778 2803 arrellere
803 2743 879 2803 dona

57 2837 60 2840 ’
131 2827 269 2889 omnibus
292 2829 387 2908 adque
410 2832 490 2909 ipsas
513 2834 634 2909 gremiis
657 2830 805 2892 abducere
828 2838 921 2912 natas,

129 2916 254 2998 praedo,
277 2915 371 2979 libet?
393 2918 518 2979 nobisne
543 2919 659 3001 domos,
682 2918 808 2980 nobisne
831 2928 955 2998 penates
1114 2930 1143 2980 50

131 3024 197 3066 esse
219 3014 336 3089 putem,
359 3009 432 3068 ratis
455 3007 583 3068 infandis
607 3026 683 3086 quos
706 3008 768 3069 sola
790 3010 913 3088 rapinis¹
1028 3049 1032 3061 ·

131 3111 279 3174 saeuaque
301 3098 397 3174 pascit
419 3095 534 3175 hiemps
554 3104 584 3157 et
606 3114 695 3178 quos,
719 3097 875 3158 credamus
899 3104 933 3157 ut
956 3099 1041 3180 ipsis,

130 3200 184 3243 rex
207 3202 279 3245 suus
301 3186 415 3245 inmisit
436 3184 540 3264 pelago
564 3187 719 3264 uetuitque
743 3181 879 3247 reuerti?

131 3272 245 3333 scilicet
267 3272 383 3333 Aeoliae
407 3273 531 3352 pecudis
553 3281 709 3352 poteretur
733 3283 765 3336 ut
789 3269 885 3336 auro?

131 3368 198 3419 ante
223 3379 307 3422 meus
331 3380 416 3421 caesa
438 3361 599 3422 descendet
618 3361 767 3424 Caucasus
791 3363 896 3424 umbra
1113 3372 1143 3422 oo

130 3462 164 3505 00
185 3451 270 3532 prior
292 3448 468 3511 Haemonias
492 3458 607 3530 repetet
632 3469 722 3529 super
746 3469 882 3530 aequora
895 3449 1024 3531 praedas

120 3546 176 3602 aut
199 3559 258 3624 ego
282 3561 356 3617 oum
378 3543 467 3605 uittis
491 3547 622 3602 statuam
640 3538 919 3596 tenuimushshen.
