2362 3938
222 269 224 272 ¹
273 192 566 257 unconuorreon
583 200 693 256 ernon
710 203 758 258 vr.
980 203 1043 270 123

22 357 99 410 tunc
123 355 153 408 et
176 349 315 409 terrificis
339 348 500 410 undantem
523 349 657 410 crinibus
679 349 813 412 Hebrum

25 444 56 498 et
80 437 217 497 Geticum
237 437 348 497 d'rioua
371 438 453 517 serit3
477 446 566 516 caput
589 440 678 518 cripit
701 438 795 499 Auchi

25 525 207 604 brachioque
230 533 261 586 et
283 528 377 586 uastis
398 525 584 587 uoluendum
606 528 698 607 mittit
719 527 848 587 harenis.
991 541 1043 590 620

69 612 108 674 Et
131 615 250 693 genitus
272 613 343 674 loue
367 615 520 693 conplerat
543 633 596 675 sua
619 615 678 675 fata
700 614 836 695 Colorem

29 704 148 780 iamque
171 710 257 781 pater
279 710 392 764 maesto
416 705 573 764 contristat
595 702 693 764 sidera
714 703 802 765 uoltu

25 790 137 851 tatibus
160 809 248 870 aegra
271 809 396 852 mouens
419 793 600 871 nequiquam
622 799 744 870 pectora
767 795 863 854 curis:

28 873 67 939 ‘ei
91 879 177 960 mihi,
200 880 226 939 si
250 878 341 940 durae
364 887 468 941 natum
491 876 659 940 subduccre
683 882 757 940 sorti

29 967 136 1028 moliar
158 975 247 1046 atque
270 969 345 1028 meis
368 969 464 1028 ausim
487 967 636 1028 confidere
660 971 770 1050 regnis,
991 979 1043 1030 ott

28 1055 123 1116 frater
146 1055 242 1116 adhuc
264 1057 366 1135 Amyci
389 1074 525 1117 maerens
548 1073 622 1117 neoc
646 1063 813 1136 cunctaque
836 1057 939 1118 diuum

28 1143 118 1204 turha
140 1144 283 1225 frement,
307 1162 435 1224 quorum
458 1147 520 1205 nati
542 1144 677 1205 cecidere
701 1145 876 1225 cedentque.

23 1234 102 1311 quin
124 1231 231 1293 haheat
253 1251 307 1293 sua
330 1250 478 1312 quemque
502 1232 566 1293 dies
590 1234 765 1312 cunctisque
789 1228 912 1314 negabo,

26 1338 103 1399 quae
127 1316 220 1380 mihi’
266 1339 422 1401 supremos
445 1323 555 1382 misero
578 1323 621 1382 sic
645 1323 723 1382 fatus
745 1322 875 1383 honores

27 1411 164 1489 congerit
187 1408 282 1488 adque
306 1411 411 1470 animis
434 1412 615 1470 moriturum
636 1409 808 1488 ingentibus
831 1410 943 1490 implet.
989 1407 1045 1471 oto

24 1496 74 1558 ilie
98 1496 179 1558 uolat
202 1498 313 1578 campis
335 1499 528 1577 inmensaque
550 1498 657 1558 itinera
679 1499 784 1557 miscet

24 1604 82 1665 per
105 1604 226 1668 cuneos,
249 1585 334 1646 uelut
355 1585 480 1647 hiberna
501 1592 665 1665 proruptus
688 1584 724 1645 ab
747 1592 829 1646 arcto

26 1673 127 1734 imber
150 1692 241 1753 agens
260 1674 403 1754 scopulos
425 1690 642 1752 nemorumque
666 1688 850 1754 operumque
877 1673 988 1754 cunas

31 1762 128 1822 donec
151 1761 187 1822 ab
210 1765 324 1842 ingenti
347 1762 508 1824 bacchatus
530 1764 645 1824 uertice
669 1762 780 1822 montis

27 1851 176 1930 frangitur
198 1852 288 1930 inque
312 1869 426 1913 nouum
443 1852 585 1932 paulatim
608 1850 708 1911 deficit
730 1865 854 1910 amnem.
994 1859 1047 1910 oct

28 1938 96 2000 talis
118 1941 151 1999 in
170 1946 305 2000 extremo
327 1939 428 2020 proles
451 1940 532 2001 loeis
552 1942 662 2000 emicat
684 1956 768 2020 aeuo,

30 2034 61 2087 et
85 2045 166 2087 nune
185 2030 387 2107 magnanimos
410 2027 582 2108 Hypetaona
605 2026 868 2107 Gessithoumque,

28 2133 111 2176 mmo
134 2115 246 2177 Arinen
269 2115 438 2196 Olbumque
462 2124 562 2196 necat3
585 2119 643 2176 iam
666 2117 786 2176 saucius
809 2114 919 2194 Aprem

30 2212 62 2265 et
85 2203 223 2266 desertus
246 2222 324 2284 equo
347 2204 500 2286 Thydrum
522 2204 614 2284 pedes
638 2206 747 2282 excipit
769 2203 853 2264 hasta
888 2222 891 2227 ’
932 2239 935 2243 -

28 2290 211 2374 Phasiaden‚
232 2295 352 2372 pecoris
375 2301 477 2355 custos
500 2293 536 2354 de
560 2310 643 2356 more
666 2294 783 2371 paterni
995 2301 1048 2351 ato

31 2379 183 2442 Caucasus
206 2382 242 2442 ad
264 2384 376 2461 primas
398 2385 502 2461 genuit
525 2398 614 2460 quem
637 2379 771 2441 Phasidis
794 2378 903 2459 undas3

29 2468 102 2529 hinc
121 2487 216 2548 puero
239 2488 405 2549 cognomen
427 2478 492 2531 erat
514 2469 716 2547 famulumque
740 2467 876 2529 ferebant

30 2555 168 2618 Phasidis
190 2560 310 2619 intonso
332 2560 514 2638 nequiquam
537 2560 620 2619 crine
643 2563 794 2636 parentes

28 2647 148 2724 iamque
173 2646 237 2706 aliis
259 2646 388 2708 instabat
410 2648 508 2727 atrox,
531 2653 601 2708 eum
623 2646 693 2707 diua
715 2660 869 2724 supremas
947 2691 951 2698 .

29 2735 145 2813 rumpit
167 2735 268 2813 lniqua
291 2734 375 2795 colus
397 2737 555 2814 uictorque
579 2734 701 2795 aduenit
722 2732 818 2793 lason.
993 2734 1046 2791 ott

30 2823 143 2901 excipit
165 2822 246 2883 hunc
268 2841 358 2884 saeua
380 2825 424 2884 sic
447 2823 526 2884 fatus
549 2841 625 2883 uoce
649 2820 785 2881 Colaxes:

30 2905 101 2970 ‘uos
125 2909 262 2990 Scythiae
286 2920 421 2973 saturare
444 2929 533 2972 canes
558 2909 754 2988 Scythiaeque
777 2905 918 2967 uolucres

28 2997 92 3058 huc
115 3000 218 3060 miseri
241 2995 400 3060 uenistis?'
423 3001 464 3059 ait
487 3015 650 3076 saxumque
673 2994 864 3074 prehensum,

27 3085 112 3146 illius
135 3094 166 3147 et
188 3087 310 3148 dextrae
333 3095 486 3166 gestamen
509 3094 539 3147 et
560 3085 640 3146 illius
663 3085 740 3164 aeui,

29 3192 178 3236 concussa
200 3176 322 3237 molitur
339 3175 444 3257 humo,
467 3175 547 3254 quod
569 3175 652 3253 regin
673 3169 748 3232 luno

29 3262 116 3324 flexit
138 3263 174 3323 ad
197 3266 332 3343 ignotum
355 3271 444 3343 caput
465 3261 660 3341 inflatumque
683 3259 806 3320 Monesi.

30 3369 179 3431 praeceps
201 3352 250 3412 ille
274 3355 348 3432 rutt3
371 3360 440 3413 nato
464 3369 524 3411 non
548 3350 663 3429 depulit
684 3350 763 3408 ictus

29 3438 182 3521 luppiter,
204 3439 383 3501 Haemoniae
407 3439 517 3501 uulnus
540 3438 627 3500 fatale
651 3436 703 3497 sed
727 3436 828 3497 hastae

32 3544 91 3606 per
114 3528 257 3610 clipeum,
278 3545 333 3609 per
355 3538 462 3609 pectus
485 3526 559 3607 abit,
581 3526 724 3606 lapsoque
747 3529 891 3585 cruentus
