2362 3938
462 155 679 210 PRAEFATIO.
1010 157 1076 210 XIII
1137 208 1139 211 ,

58 304 326 380 Weidmannornm
341 305 459 364 officina
478 300 728 378 a.1,871emiesa
749 306 782 365 in
804 312 888 366 textu
908 314 1078 366 mutauerat

10 408 17 419 ·
57 413 93 456 ea
120 393 329 453 commendare
353 411 386 452 ac
406 391 538 452 stabilire
562 391 678 452 studuit
704 395 735 452 in
758 396 880 472 proprio
904 394 1003 454 libello
1027 397 1076 454 eui
1135 432 1137 436 -

58 484 213 560 inscripsit
240 477 379 541 ‘Studien
409 500 446 541 zu
470 480 528 540 den
551 481 749 558 Argonautica
772 481 826 540 des
849 481 908 542 Vel.
932 477 1076 545 Flaccus?

147 569 250 648 ltaque
275 588 345 630 cum
367 577 480 630 restare
509 568 645 629 uiderem
673 576 706 629 ut
734 569 855 651 tandem
878 570 1077 648 Argonautica

61 660 189 720 detersis
221 657 346 719 maculis
373 657 442 717 talia
473 657 537 717 lere
566 656 663 736 qualia
695 667 718 716 a'
744 665 832 736 poeta
865 665 966 718 essent
999 658 1077 719 edita

57 750 304 827 restituerentur,
342 745 481 824 equidem
513 748 593 806 uiam
631 745 667 806 ab
699 744 821 807 Heinsio
859 749 969 825 optime
1007 746 1078 807 olim

55 838 161 896 initam
188 834 305 914 ingredi
332 834 432 894 nullus
461 833 604 895 dubitaui.
651 850 763 915 neque,
796 836 821 894 si
854 842 935 895 certa
964 834 1077 896 medela

57 943 118 984 non
146 931 226 984 esset
255 926 286 983 in
310 930 466 1002 promptu,
499 922 536 982 ad
564 924 753 984 coniecturas
780 922 885 984 dubias
914 925 1076 1002 confugere

57 1022 87 1072 et
111 1011 340 1072 uiolentioribus
368 1011 520 1071 interdum
548 1011 763 1071 mutationibus
788 1014 831 1072 uti
857 1031 925 1072 sum
953 1014 1077 1073 ueritus.

59 1100 141 1179 quod
165 1103 216 1178 qui
239 1101 379 1160 carminis
409 1101 635 1177 corruptionem
662 1101 814 1178 ingentem
841 1100 952 1161 babent
979 1103 1078 1180 cogni·

58 1198 122 1249 tam
145 1207 206 1248 non
228 1187 452 1266 uituperabunt.
498 1186 636 1248 lectionis
659 1196 759 1248 autem
781 1191 958 1250 uarietatem
985 1188 1079 1251 adieci

60 1276 186 1356 nullam,
211 1294 279 1337 cum
304 1278 347 1336 eis
371 1277 423 1355 qui
447 1276 518 1354 quid
543 1277 708 1354 antiquitus
723 1276 865 1338 traditum
888 1281 927 1338 sit
941 1287 1079 1358 accurate

55 1383 239 1443 cognoscere
273 1364 368 1424 uelint
399 1363 530 1424 selectus
563 1383 654 1443 quem
685 1372 794 1426 uocant
817 1373 976 1445 apparatus
1000 1368 1079 1426 criti·

56 1472 112 1514 cus
127 1448 261 1536 (qualem
285 1452 391 1532 solum,
410 1453 469 1511 nisi
483 1452 619 1512 Thilonis
639 1455 739 1531 copias
762 1452 913 1532 expobare
934 1452 1081 1533 uolebam,

56 1541 128 1601 dare
160 1534 261 1622 potui)
299 1541 374 1601 nibil
406 1543 527 1600 omnino
556 1543 666 1620 prosit,
693 1543 722 1599 ei
749 1548 849 1601 autem
877 1543 928 1619 qui
954 1540 1080 1620 legendo

57 1648 180 1690 carmen
203 1632 353 1709 gustaturi
377 1631 437 1689 sint
470 1629 556 1689 facile
589 1628 639 1688 illo
668 1636 795 1689 careant.
841 1630 942 1706 itaque
974 1631 1005 1688 in
1038 1630 1081 1689 eis

56 1737 135 1796 quae
164 1721 223 1778 iam
251 1725 397 1778 secuntur
424 1717 549 1796 pagellis
580 1717 785 1777 tantummodo
817 1715 927 1794 quihus
959 1716 1033 1777 locis
1065 1736 1082 1776 a

57 1805 186 1867 'Philone
210 1808 390 1866 recesserim
414 1825 504 1884 quam
529 1805 706 1866 breuissime
729 1804 865 1865 indicabo
890 1807 1001 1884 causis,
1023 1807 1082 1865 nisi

61 1893 115 1955 ubi
129 1912 166 1954 ex
189 1913 223 1954 re
238 1897 338 1955 uisum
352 1902 407 1975 est,
430 1911 492 1954 non
509 1894 645 1973 adieetis3
669 1893 723 1953 has
742 1895 822 1952 enim
836 1892 964 1959 lectores
987 1899 1080 1953 atten-

61 1991 110 2042 tos
143 1991 174 2042 et
205 1990 362 2062 poetarum
393 1982 558 2042 latinorum
590 1999 698 2060 gnaros
730 1981 813 2041 facile
842 1980 1082 2059 deprehensuros

61 2088 130 2130 esse
153 2071 235 2150 ipsos
265 2069 391 2130 confido.

153 2247 168 2306 Ι
197 2253 234 2308 11
261 2253 447 2323 tenerumque
470 2250 543 2321 faece
560 2249 729 2307 meando
748 2251 862 2307 canenti
883 2250 964 2320 fatte
975 2249 1084 2306 dimne.

55 2345 130 2396 non'
142 2338 324 2412 perspicitur
353 2355 406 2395 cur
430 2340 572 2395 ueterum
609 2336 691 2394 faeta
723 2336 848 2394 audiani
880 2328 1085 2412 ‘ueneranda'‚

56 2443 129 2484 cum
155 2426 336 2499 praesertim
365 2425 510 2484 Valerius
545 2425 621 2484 alias
649 2425 738 2500 plene
770 2425 891 2486 diuerso
923 2424 1011 2483 modo
1047 2424 1085 2483 de

58 2514 104 2573 eis
127 2513 252 2572 iudicet:
281 2514 318 2573 of.
346 2513 393 2589 IH
419 2515 458 2573 15
484 2507 532 2572 ‘tu
560 2513 636 2571 mihi
658 2531 738 2572 nuno
766 2530 873 2573 causas
901 2513 1083 2588 infandaque

60 2602 193 2676 proelia,
217 2601 294 2676 Orio,
320 2602 418 2677 pande
441 2595 556 2659 uirum’
583 2605 615 2660 et
643 2601 671 2659 V
695 2604 881 2661 217—221.
926 2604 1086 2661 senserunt

57 2690 90 2748 id
121 2691 290 2750 antenores
316 2690 414 2749 critici
447 2693 712 2766 reposueruntque
741 2683 965 2751 ‘memoranda’.
1012 2689 1084 2749 seri-

59 2777 195 2837 bendum
217 2780 320 2854 potius
344 2772 556 2853 ‘uenerande'3
580 2779 617 2837 ef.
644 2777 719 2837 VIII
744 2780 805 2837 181
836 2771 1041 2853 ‘memianue,
1065 2796 1082 2834 ο

58 2865 177 2942 Tiphy,
201 2870 325 2926 tuorum
349 2886 421 2926 saxa
443 2886 499 2941 per
521 2867 588 2940 illa,
610 2870 715 2942 pater,
741 2866 877 2941 meminI,
905 2863 1085 2940 uenerande,

62 2949 215 3013 laborum'
244 2959 276 3014 et
298 2959 403 3014 auctor
432 2954 545 3014 Culicis
570 2957 611 3014 29
638 2948 774 3029 ‘Octaui,
802 2952 987 3023 uenerande,
1009 2951 1085 3009 meis

61 3041 206 3101 adlabere
229 3044 357 3119 coeptis,
381 3046 486 3104 sancte
508 3036 618 3118 pater'.

152 3133 192 3190 13
215 3130 330 3204 Solgnro
362 3149 397 3190 ac
424 3134 592 3206 nt'yrmdem
623 3129 744 3203 scripsi:
779 3129 896 3202 Solymo
922 3129 1086 3200 normann

55 3217 146 3277 codd.
180 3219 328 3295 asyndeto
359 3221 450 3295 plane
484 3218 679 3279 intolerabili.
723 3216 760 3274 de
791 3210 849 3274 ‘ac'
889 3214 1016 3273 traiecto
1048 3213 1085 3272 cf.

60 3305 194 3366 vises
220 3307 447 3369 eeV111400.
513 3370 516 3375 .

152 3396 192 3454 15
227 3396 403 3470 delumbem
439 3401 554 3456 eentum
586 3394 752 3469 Hauptius,
783 3392 887 3451 Herm.
926 3389 974 3449 ΙΠ
1008 3392 1087 3450 214:
1160 3420 1162 3425 ·

60 3482 337 3557 ddnbraqae'genti
355 3484 440 3544 eodd.
