2376 3938
324 160 614 218 ARGONAUTICON
633 162 743 218 LIBER
761 162 808 216 III.
1027 161 1071 224 49

56 331 113 374 nec
136 311 190 372 tihi
214 308 400 371 Thessalicos
417 318 490 372 tunc
512 310 637 390 profuit,
660 308 786 390 Ornyte,
809 327 896 388 reges

56 402 195 480 hospitiis
220 407 271 461 aut
293 405 392 460 mente
416 416 515 459 moras
538 399 649 458 fouisse
672 397 802 476 hemgna

55 499 88 551 et
110 487 223 550 laribus
246 505 379 548 sacrasse
402 487 504 566 lidem3
526 485 633 565 procul
655 486 777 546 aduenit
798 485 902 546 ldmon
1020 498 1070 547 tro

56 578 249 656 oblatumque
273 577 342 636 ferit
364 575 477 655 galeam
500 577 665 653 cristasque
689 573 841 654 ruhenteS,

57 667 118 726 heu
141 673 192 726 tua
215 666 305 744 dona,
328 682 444 743 gerens.
490 681 580 741 quem
603 671 632 724 te
656 663 832 741 qualemque
856 661 970 723 uidehit

56 756 215 833 attonitus,
238 751 383 832 Crenaee,
405 749 526 830 parens!
550 769 588 812 en
612 751 737 830 frigidus
761 750 849 810 orbes

57 859 227 922 purpureos
249 843 308 901 iam
331 858 454 900 somnus
476 839 552 919 chit,
571 840 763 900 iam-candor
786 847 817 899 et
840 841 909 898 anni

56 931 201 991 deficiunt
222 931 344 1008 uitaque
367 929 444 1007 fugit
466 929 558 989 decus
581 945 668 988 omne
692 926 801 988 soluta:
1021 939 1072 988 180

56 1021 173 1080 deseris
195 1017 255 1078 heu
278 1035 383 1077 nemus
407 1025 437 1077 et
459 1016 674 1097 Nympharum,
698 1016 805 1095 durae,
828 1014 956 1076 amores!
1014 1051 1018 1070 .

58 1116 88 1168 at
112 1107 232 1167 diuersa
254 1105 351 1184 Sagen
373 1104 544 1165 turbantem
567 1105 667 1165 fallere
692 1123 786 1165 neruo

57 1205 123 1256 tum
145 1196 275 1274 primum
297 1212 373 1274 puer
396 1212 487 1254 ausus
504 1191 592 1272 Hylas
616 1187 700 1275 (spes
722 1195 855 1253 maxima
870 1191 955 1252 hellis

57 1283 184 1363 pulcher
206 1281 308 1364 Hylas,
332 1284 358 1342 si
380 1282 439 1342 fata
462 1283 576 1361 sinant,
600 1284 626 1342 si
648 1299 792 1361 prospera
814 1275 913 1362 luno),

58 1373 283 1453 prostrauitque
307 1371 407 1431 uirum
430 1368 521 1430 celeri
542 1388 598 1449 per
620 1362 741 1449 pectora
765 1370 834 1430 telo
1022 1381 1072 1440 155

103 1460 265 1520 Accessere
289 1452 403 1541 (nefas)
427 1457 560 1519 tenebris
583 1457 736 1518 fallacibus
758 1459 816 1517 acti

56 1547 274 1627 Tyndaridae
266 1565 297 1608 m
316 1565 396 1608 sese.
419 1546 524 1607 Castor
546 1547 630 1624 prius
652 1545 744 1606 ibat
736 1563 768 1604 m
790 1546 869 1604 ictus

59 1639 196 1716 nescius3
220 1642 265 1696 ast
286 1635 353 1696 illos
376 1652 455 1695 noua
477 1634 529 1694 lux
552 1632 729 1710 subitusque
753 1632 871 1692 diremit
934 1678 936 1682 .

60 1725 167 1784 frontis
190 1742 273 1804 apex.
319 1732 384 1785 tum
407 1723 512 1784 Castor
534 1722 613 1802 Ityn,
636 1738 695 1799 qua
717 1719 854 1780 caerulus
877 1719 968 1781 amhit

59 1811 176 1872 balteus
198 1819 229 1872 et
251 1814 362 1891 gemini
385 1813 574 1872 committunt
597 1827 649 1869 ora
672 1809 825 1888 dracones,
1023 1821 1074 1870 155

60 1900 153 1960 1ι515ι
175 1899 278 1979 Hagen
301 1899 511 1978 Thapsumque
534 1900 799 1976 securigerumque
823 1895 951 1957 Nealcen

59 1991 197 2066 transigit
218 1996 250 2048 et
272 1987 378 2048 Canthi
400 1986 560 2066 pallentem
582 1987 708 2047 uulnere
732 1983 869 2064 Cydrum.

59 2082 189 2137 torserat
211 2076 260 2136 hic
278 2078 349 2137 totis
373 2078 493 2135 conisus
515 2074 632 2136 uirihus
654 2074 770 2134 hastam
886 2066 889 2089 ³

60 2167 197 2224 uenatori
219 2163 342 2244 Erymo,
365 2163 467 2224 hreuis
490 2162 566 2224 hanc
590 2163 642 2224 sed
665 2163 725 2223 fata
748 2163 895 2223 ferentem

58 2252 190 2332 prodidit
212 2254 349 2331 etpiceo
368 2254 508 2313 comitem
530 2254 669 2312 miserata
692 2250 811 2311 refulsit
1022 2262 1072 2311 155

60 2339 145 2401 Luna
167 2340 250 2421 polc;
273 2359 391 2401 cessere
415 2340 501 2402 iuhae
525 2348 702 2420 raptumque
725 2357 781 2420 per
803 2357 890 2400 auras
1026 2347 1033 2352 “

60 2429 172 2489 uulnus
195 2436 226 2490 et
248 2437 381 2489 extrema
404 2431 505 2490 sonuit
527 2431 586 2490 cita
609 2428 733 2508 cuspide
757 2430 857 2489 cassis.

61 2515 204 2578 Nisaeum
226 2516 368 2579 Telamon
391 2526 422 2578 et
444 2516 592 2596 Ophelten
614 2535 691 2578 uana
709 2525 864 2578 sonantem

61 2623 117 2685 per
140 2604 228 2685 clipei
251 2606 385 2667 cedentis
407 2625 482 2686 opus
506 2614 678 2685 cratemque
700 2606 837 2687 trilicem,

56 2711 120 2776 qua
143 2693 288 2754 stomachi
311 2702 440 2773 secreta,
462 2695 532 2755 ferit
554 2694 711 2772 laetusque
733 2695 884 2773 profatur:
1023 2705 1075 2754 200

62 2773 118 2860 ‘di,
139 2798 261 2861 precor,
283 2781 364 2842 hunc
387 2800 489 2860 regem
512 2791 562 2843 aut
585 2801 678 2861 aeque
702 2783 846 2862 delegerit
869 2782 926 2843 alta

61 2868 125 2928 fors
147 2869 220 2930 mihi
242 2877 330 2948 gente
354 2878 464 2952 satum,
487 2888 671 2949 magnusque
694 2878 725 2930 51
747 2870 854 2931 flebilis
876 2869 946 2930 urbi

60 2953 248 3019 conciderit?
294 2976 384 3036 super
407 2958 488 3019 addit
510 2958 590 3018 Aren
613 2959 798 3035 fratremque
820 2955 1004 3018 llelanthum

60 3043 238 3125 Phoceaque
262 3045 421 3127 Oleniden,
444 3045 587 3125 Lelegum
611 3047 662 3123 qui
684 3044 790 3122 pulsus
812 3042 849 3104 ah
873 3046 935 3103 oris

60 3135 141 3210 regis
164 3136 323 3196 amicitiam
346 3142 376 3195 et
399 3134 501 3195 famuli
522 3134 671 3213 propioris
694 3132 824 3192 honores
1025 3141 1079 3192 505

62 3215 137 3303 (qua
159 3224 275 3301 patiens
299 3241 359 3283 non
382 3216 483 3305 arlef)
506 3221 583 3284 tulit.
629 3239 688 3281 nox
710 3219 768 3280 alta
790 3219 949 3280 cadentum

61 3312 199 3388 ingentes
222 3311 353 3391 duplicat
375 3312 491 3372 sonitus
514 3318 661 3390 augetque
680 3311 791 3370 ruinas.

61 3405 97 3458 ut
118 3401 213 3478 nugis
235 3397 378 3482 Inarime,
401 3401 494 3478 magis
517 3405 551 3459 ut
573 3399 704 3476 mugitor
726 3396 844 3457 anhelat

61 3484 204 3570 Vestrius,
227 3488 367 3548 attonitas
391 3505 460 3549 acer
482 3503 551 3548 cum
575 3486 699 3547 suscitat
720 3483 824 3567 urbes,

115 3595 166 3636 Vol
180 3597 286 3638 Flaccus.
872 3591 894 3638 δι
