2362 3938
320 195 614 253 ARGONAUTIGON
631 199 742 256 LIBER
760 200 819 256 Vll.
1039 202 1102 265 129

87 350 111 407 si
133 356 233 408 umen
255 346 302 407 his
325 345 412 406 aliter
433 354 549 425 perstas
572 364 633 407 non
656 349 763 409 cedere
788 351 886 429 terris,

87 444 174 515 teque
197 434 297 516 pudor
320 436 397 495 cassi
418 434 534 496 reditus
556 443 671 516 mouet,
695 454 729 497 ac
752 436 823 498 latet
846 455 904 498 una

85 526 184 585 nescio
209 523 281 603 quid
303 522 371 602 plus
394 541 493 604 puppe
517 525 605 604 uiris,
627 524 705 586 haud
727 528 791 604 ipsa
814 525 953 586 morabor
1066 540 1101 588 oo

85 631 157 692 quae
180 613 298 693 petitis3
321 610 409 672 modo
432 619 534 672 nostra
556 614 640 691 prior
662 621 696 675 tu
719 615 830 693 perfice
853 616 943 675 iussa.

84 700 207 762 Martius
230 708 299 762 ante
322 698 429 760 urbem
450 699 547 779 longis
569 703 646 761 iacet
669 701 809 762 horridus
832 705 917 763 annis

84 806 219 870 campus,
243 797 273 850 et
295 787 435 851 ardentes
458 806 563 849 acme
586 807 705 869 quoque
729 808 851 851 uomere
874 808 988 872 presso,

83 896 127 938 me
152 895 274 957 quoque
297 883 472 938 cunctantes
494 877 646 938 interdum
668 896 829 958 agnoscere
852 882 939 940 tauri.

82 965 126 1026 his
150 967 246 1046 magis
268 966 363 1045 adque
386 968 480 1045 magis
502 965 616 1026 rabiem
638 985 719 1027 nunc
742 976 842 1029 nostra
867 978 1006 1030 senectus
1065 980 1099 1030 65

82 1054 291 1135 luxuriemque
313 1053 409 1135 dedit,
431 1054 578 1134 solitoque
601 1055 759 1134 superbior
781 1058 859 1135 ignis

82 1161 132 1203 ore
156 1144 268 1204 fremit.
314 1142 441 1203 succede
464 1161 561 1224 meae,
584 1143 760 1225 fortissime,
783 1144 871 1225 laudi,

82 1240 111 1292 et
133 1240 256 1293 nostros
278 1230 394 1312 recole,
416 1231 540 1313 hospes,
563 1249 659 1311 agros.
704 1251 760 1293 nec
784 1235 897 1294 semina
922 1233 1040 1315 derunt,

82 1338 155 1398 qnae
179 1322 266 1400 prius
288 1321 352 1399 ipse
375 1319 494 1400 dabam,
517 1328 547 1381 et
569 1338 696 1401 messes,
720 1340 794 1400 quas
817 1318 1050 1383 solus'ohibam.

81 1408 215 1469 consiliis
237 1426 297 1469 nox
319 1426 378 1469 una
401 1410 486 1489 satis,
509 1416 668 1487 tecumque
692 1418 821 1471 retracta
1064 1425 1098 1474 70

80 1514 211 1576 cumque
233 1498 294 1558 tuis
316 1496 389 1557 haec
412 1499 494 1558 iussa
516 1496 593 1576 deis3
616 1515 650 1557 ac
674 1499 770 1577 siquid
795 1501 825 1559 in
849 1501 907 1558 isto
931 1508 977 1559 est

79 1585 204 1666 robore,
226 1582 371 1664 praedicti
393 1587 498 1647 uenies
520 1588 552 1645 in
575 1604 646 1646 rura
668 1585 786 1647 laboris

78 1675 144 1754 ipse
167 1676 302 1735 incertus
325 1673 435 1754 adhuc,
457 1673 590 1735 tenebris
613 1682 643 1734 te
666 1677 803 1753 protinus
826 1674 884 1735 illis

78 1761 197 1824 inuolui
218 1761 405 1841 flammisque
428 1762 533 1843 uelim,
556 1761 664 1823 durare
687 1781 848 1843 parumper

79 1869 115 1911 an
139 1853 245 1932 magis,
266 1869 374 1912 euerso
396 1853 486 1911 iacias
510 1851 581 1911 dum
604 1854 717 1912 semina
735 1869 848 1932 campo,
1064 1866 1097 1916 75

79 1957 113 2000 ac
135 1939 194 2000 tibi
216 1937 337 2000 Cadmei
360 1940 431 2000 dum
454 1939 595 2000 dentibus
618 1949 703 2002 exeat
725 1940 812 2019 hydri

79 2027 165 2089 miles
189 2036 220 2089 et
242 2035 354 2089 amunta
376 2028 536 2090 florescant
557 2027 636 2108 pube
659 2024 802 2090 nouales'

123 2116 198 2177 Filia
220 2118 316 2195 prima
338 2118 433 2177 trucis
455 2134 562 2177 uocem
585 2120 690 2179 mirata
713 2119 830 2197 tyranni

79 2203 175 2266 haesit
198 2212 230 2265 et
252 2204 289 2265 ad
311 2207 453 2266 iuuenem
475 2205 614 2284 pallentia
637 2205 751 2266 rettulit
775 2223 826 2266 ora

80 2295 323 2372 contremuitque
345 2300 442 2374 metu,
464 2312 502 2354 ne
526 2295 645 2354 nescius
668 2293 774 2354 audeat
795 2293 905 2372 hospes
1062 2307 1096 2358 80

80 2399 173 2461 seque
197 2382 290 2442 miser
312 2399 350 2442 ne
372 2399 461 2462 posse
485 2389 578 2461 putet.
624 2384 840 2460 perstrinxerat
863 2381 971 2441 horror

79 2471 180 2549 ipsum
202 2471 292 2531 etiam
315 2477 346 2530 et
368 2477 480 2531 maesta
503 2469 599 2531 stabat
621 2469 736 2531 defixus
758 2472 790 2529 in
812 2473 865 2530 ira.

79 2576 140 2619 non
163 2561 204 2620 ita
227 2557 402 2638 Tyrrhenus
425 2566 526 2638 stupet
547 2558 708 2637 Ioniusque
732 2561 882 2638 magister,

80 2649 131 2725 qui
153 2649 214 2707 iam
235 2654 276 2727 te,
298 2645 449 2727 Tiberine,
472 2655 560 2708 tuens
584 2647 756 2726 clarumque
775 2665 882 2708 sereno

78 2752 133 2795 axe
155 2733 272 2815 pharon
293 2753 422 2815 prensus
445 2734 544 2797 subito
568 2754 715 2814 nusquam
738 2738 827 2815 ostia,
850 2753 998 2814 nusquam
1061 2746 1095 2796 su

78 2823 241 2884 Ausoniam
263 2822 360 2905 uidet,
383 2830 413 2886 at
436 2842 540 2886 saeuas
564 2823 706 2885 accedere
731 2823 842 2902 Syrtes.

78 2920 144 2972 tum
167 2919 282 2991 tamen,
304 2912 426 2973 infando
450 2931 526 2992 quae
549 2912 600 2973 det
622 2931 764 2991 responsa
788 2921 921 2989 tyranno,

79 2999 192 3078 colligit
215 3009 246 3061 et
269 3000 390 3062 tandem
413 3000 521 3062 obtutu
544 3002 698 3078 consurgit
721 2999 756 3059 ab
779 2999 845 3059 alto.

78 3082 164 3148 ‘non'
187 3090 229 3148 ait
252 3083 318 3149 ‘hos
341 3088 470 3169 reditus,
493 3107 553 3149 non
576 3089 666 3168 hano,
690 3088 794 3167 Aeeta,
817 3083 925 3145 dedisti

79 3194 164 3255 spem
185 3175 305 3257 Minyis,
329 3195 398 3237 cum
420 3180 516 3258 prima
539 3180 599 3239 tuis
621 3194 677 3255 pro
700 3174 855 3235 moenibus
878 3188 957 3231 arma
1058 3181 1093 3230 so

78 3264 241 3325 induimus.
286 3283 346 3344 quo
369 3283 458 3326 uersa
480 3261 577 3325 fides?
599 3283 674 3343 qnos
696 3272 798 3325 nestra
821 3259 953 3319 uolutant

78 3353 160 3412 iussa
184 3348 404 3414 deiecturum
426 3353 474 3413 hic
497 3352 612 3433 Pelian,
636 3352 690 3411 alia
714 3366 841 3427 aequora
865 3364 963 3405 corruo

79 3443 152 3518 quin
175 3443 255 3520 agite
276 3440 334 3502 boc
357 3459 461 3502 omnes
485 3441 620 3519 odiisque
644 3448 748 3517 urgete
772 3436 888 3514 tyranni

78 3529 273 3608 imperiisque
297 3539 400 3609 caput,
423 3547 585 3607 numquam
608 3526 680 3586 mihi
703 3526 823 3583 ‹lextera
849 3542 902 3582 inu
927 3542 995 3603 spus

131 3637 186 3680 vu.
199 3637 303 3680 meent
864 3630 881 3677 u
