2362 3938
415 189 532 246 ORTUS
551 187 775 245 ALEXANDRI.
1079 189 1101 254 5

82 357 252 422 hominem
277 355 319 419 ad
343 375 414 421 sese
437 356 534 418 vocat
557 354 589 415 et
613 350 728 435 ‘Ecca'
751 351 867 437 inquit,
893 351 1101 436 ‘promissum

84 445 250 510 somnium
274 443 352 508 vidi.
396 441 484 508 Nam
512 445 546 505 61
574 440 651 506 deus
675 444 746 505 erat
774 445 807 504 et
834 440 953 526 agebat
975 463 1101 508 mecum
1131 467 1134 479 ⁴

81 534 217 617 nuptiae
258 534 428 597 secretum.
487 528 594 614 Igitur
630 549 739 594 curam
776 549 896 614 quaeso
933 530 1101 615 suscipias,

82 623 211 707 quando
244 620 278 685 id
309 620 458 684 effectum
488 618 689 702 compleatur
720 616 911 702 quandoque
941 640 992 682 me
1022 619 1100 684 deus

81 713 144 776 iste
168 711 338 796 dignetur,
365 712 402 772 ut
427 727 488 790 ego
513 728 639 791 quoque
662 705 825 791 iugalibus
849 727 901 770 me
925 710 958 770 et
981 727 1127 791 sponsos

80 800 148 864 iam
171 795 386 884 praeparem?
423 795 475 859 nd
498 795 578 860 haec
595 794 821 862 Nectanabus:
844 793 929 859 ‘Hoc
950 794 1099 880 quidem,’

81 889 205 971 inquit,
228 886 260 951 ‘o
285 885 430 968 domina,
459 884 545 968 quod
567 882 691 965 vidisti,
718 904 824 949 caum
852 885 902 948 est
930 884 1102 951 somnium.

80 976 200 1041 Aderit
232 982 345 1040 tamen
376 974 446 1056 ipse
479 973 577 1037 etiam
610 972 652 1036 ad
683 977 715 1036 16
748 968 834 1037 deus.
888 971 951 1037 Sed
986 995 1101 1040 censeo

80 1065 165 1129 mihi
194 1085 357 1129 secessum
384 1062 460 1127 istic
490 1062 582 1125 iuxta
610 1064 702 1125 tuum
735 1062 917 1128 cubiculum
950 1062 1035 1146 dari,
1064 1067 1101 1127 ut

81 1155 169 1218 iuste
194 1173 380 1236 procurem,
407 1170 448 1215 ne
477 1151 549 1234 quis
579 1149 640 1214 tibi
667 1153 773 1214 metus
801 1150 844 1215 sit
872 1150 932 1215 sub
961 1151 1101 1218 adventu
1115 1174 1134 1213 1<

80 1242 181 1307 huius
206 1238 369 1305 numinis?
409 1238 534 1303 Probat
552 1237 585 1301 id
605 1238 758 1322 promissi
776 1238 890 1322 regina
909 1244 942 1303 61
960 1240 1102 1306 vicinum

81 1331 234 1395 cubiculo
269 1351 327 1393 suo
359 1349 520 1392 secessum
549 1346 646 1410 mago
676 1327 793 1391 tribuit
823 1331 856 1393 et
884 1326 959 1412 ‘Si,'
986 1331 1102 1414 inquit,

82 1419 252 1483 ‘harumce
267 1416 455 1500 nuptiarum
474 1437 589 1499 cepero
607 1415 863 1500 experimentum
880 1423 1102 1501 conceptaque

82 1509 148 1573 sim
171 1508 288 1590 potita,
311 1506 416 1569 honor
435 1504 553 1589 regalis
573 1503 635 1567 tibi
659 1527 678 1569 a
699 1504 814 1588 regina
836 1527 901 1570 non
921 1505 1031 1588 deerit,
1053 1507 1101 1571 in·

82 1617 148 1680 que
167 1600 201 1658 te
219 1594 324 1678 patris
349 1592 511 1658 adfectum
533 1591 604 1657 fore
627 1593 709 1657 mihi
731 1595 797 1657 iam
822 1615 895 1677 spes
914 1593 1099 1676 promittit?
1116 1618 1134 1656 rr

81 1685 168 1748 Tum
193 1683 317 1747 addidit
344 1682 412 1746 ille:
441 1680 654 1746 ‘Praecursor
676 1680 763 1764 tibi,'
791 1680 910 1765 inquit,
935 1680 1001 1745 ‘dei
1024 1704 1102 1748 mox

82 1772 199 1837 aderit.
253 1771 339 1836 Nam
372 1770 499 1834 sedenti
536 1771 741 1854 superveniet
778 1769 873 1834 draco
911 1769 1100 1836 clementius

80 1860 317 1945 reptabundus.
348 1858 448 1923 Enim
467 1864 504 1923 tu
523 1880 561 1923 6ο
576 1859 646 1923 viso
666 1859 782 1941 omnis,
801 1857 856 1941 qui
875 1856 991 1942 adsint,
1011 1859 1100 1923 abire

80 1951 184 2014 iubeto
211 1949 250 2012 de
279 1947 400 2031 medio,
428 1968 487 2012 nec
514 1950 626 2012 tamen
654 1967 862 2031 quaecunque
891 1945 1027 2011 aderunt
1049 1969 1100 2011 ex-

81 2037 236 2102 stinxeris
251 2036 384 2119 lumina,
403 2036 459 2101 sed
475 2057 547 2100 cum
560 2039 594 2099 te
607 2037 726 2100 lectulo
742 2034 931 2118 conlocatis,
950 2039 1099 2119 opertum
1113 2058 1134 2098 a

81 2127 214 2209 quidem
228 2124 356 2190 vultum
374 2125 415 2189 ad
429 2125 654 2189 verecundiam
669 2124 787 2188 texeris
802 2123 971 2209 velamine,
989 2128 1101 2192 tamen

81 2216 172 2278 limis
193 2215 327 2297 explora
344 2213 456 2278 vultus
474 2214 558 2298 illos,
578 2235 658 2296 quos
681 2213 748 2277 iam
767 2234 881 2278 somno
901 2215 1101 2297 praevidisti,

80 2308 118 2367 ut
144 2304 171 2366 si
197 2302 224 2366 is
249 2299 332 2366 erit?

173 2389 363 2473 Insequenti
380 2390 482 2474 igitur
505 2389 556 2454 die
580 2394 613 2455 et
636 2390 726 2455 locus
745 2411 841 2476 mago
866 2391 1049 2457 destinatur
1068 2395 1134 2458 etv

80 2481 137 2545 ille
162 2480 296 2563 quaevis
320 2502 359 2543 ex
383 2483 451 2542 arte
476 2483 660 2562 opportuna
678 2479 830 2563 providit,
852 2481 956 2545 vellus
975 2481 1134 2546 sciliceta

80 2569 196 2633 arietis
216 2590 312 2652 quam
331 2567 561 2632 mollissimum
579 2589 644 2631 una
663 2589 734 2632 cum
754 2567 906 2634 cornibus
922 2573 1099 2654 sceptrum·

79 2681 145 2743 que
170 2662 204 2721 61
228 2656 382 2720 amictum
407 2656 581 2720 admodum
605 2656 784 2721 candidum.
823 2656 892 2732 Quo
917 2659 1098 2742 superiecto

79 2746 185 2810 efficit
209 2745 345 2808 scientia
363 2746 536 2808 draconem
559 2744 622 2809 sibi
640 2745 742 2810 veluti
764 2749 970 2812 mansuetum
995 2748 1099 2812 61111-

79 2834 177 2899 noxie
207 2833 409 2917 gradientem
437 2854 636 2917 vesperaque
666 2833 890 2901 adveniantem
921 2857 994 2900 eum
1021 2836 1102 2917 facit

173 2989 385 3058 6praeparem]
413 2990 466 3059 lapi
490 2994 598 3043 tantam
623 2993 703 3058 ppar.
798 2997 929 3045 vvernm
951 2992 1041 3060 suppl.
1065 3006 1099 3045 aa

78 3063 160 3133 Epit.
273 3066 289 3114 8
318 3075 418 3113 censeo
445 3058 517 3113 mihi
544 3076 682 3114 secessum
708 3061 773 3116 istic
800 3064 915 3131 scripsi;
942 3064 1040 3115 tenseo
1064 3061 1098 3129 (1)

82 3133 156 3187 mihi
180 3137 216 3185 ee
240 3148 302 3184 sum
321 3131 419 3199 (1111111)
444 3131 481 3184 sit
502 3130 561 3196 hic,
583 3132 663 3186 certo
686 3149 733 3186 sac
755 3133 797 3186 vel
818 3138 916 3200 septem
934 3133 1097 3196 litterarum,

78 3205 153 3274 quod
172 3204 258 3274 tepere
276 3217 333 3256 noa
346 3203 429 3270 potui
448 3202 614 3271 (secessus),
637 3204 821 3271 superscripto
839 3218 920 3270 super
937 3201 1006 3255 mihi
1023 3204 1051 3258 c‘c
1068 3207 1096 3255 1.

80 3284 111 3328 11
134 3271 270 3344 promissi
284 3277 311 3326 ’1.
331 3271 514 3341 promissive?
552 3278 584 3326 13
604 3273 736 3327 harumce
755 3273 860 3340 scripsi.
886 3271 986 3324 harum
1004 3278 1097 3328 11161.

79 3353 111 3400 15
133 3343 211 3416 patri
230 3350 257 3397 Τ.
311 3349 343 3397 18
362 3342 440 3397 abire
458 3342 556 3398 iubeto
575 3345 680 3412 scripsi.
709 3342 804 3397 abiere
822 3347 860 3422 Τ..
885 3347 937 3423 ,21
957 3342 1098 3424 velamine
1126 3374 1134 3403 r

207 3413 519 3538 1111111111
533 3404 1134 3553 {succidiscrustarius·³

78 3507 204 3616 1116611
222 3557 338 3625 scripsi;
356 3555 428 3625 qaod
446 3503 555 3610 euuigin
574 3561 611 3621 1.,
630 3556 713 3625 lepore
730 3571 787 3610 nou
800 3556 889 3625 potui.
1091 3525 1099 3540 ⁰
1131 3526 1134 3547 Ξ
