2362 3938
331 205 334 211 '
358 192 650 252 amounumcou
668 194 778 252 LIBER
795 195 843 254 IV.
1068 196 1109 262 71

86 343 219 405 brachia.
265 345 311 405 sic
334 342 440 422 ingens
462 342 547 405 Asiae
570 341 656 424 plaga
677 345 789 425 quique
811 362 867 425 per
888 355 993 408 areton

88 432 195 493 dexter
219 438 250 493 et
271 433 304 492 in
326 428 446 492 laeuum
467 439 578 510 pontus
601 433 678 493 lacet
699 432 773 494 haec
795 450 862 495 mea
885 435 956 495 arisit

87 520 233 603 bospitiaq
254 519 312 581 hoc
336 519 432 581 iuncti
454 528 590 581 remeent
613 523 775 582 certamine
798 539 894 601 reges.

86 611 146 670 iam
168 608 287 689 pridem
310 616 431 668 caestus
452 608 569 669 resides
592 617 623 670 et
645 609 752 688 bigida
773 612 850 672 raris

85 696 227 758 dentibus
251 697 318 757 aret'
337 696 456 757 humus.
502 698 570 775 quis
592 715 712 758 mecum
734 698 856 761 foedera
877 695 1003 779 iunget?
1052 713 1105 762 215

85 787 182 864 prima
205 803 295 847 manu
317 786 368 846 eui
389 783 467 845 dona
489 781 605 846 ieram?
627 804 695 846 mox
719 786 857 848 omnibus
879 787 961 848 idem

85 872 140 934 ibit
163 873 267 935 bonos.
312 873 382 952 iuga
405 872 462 934 sub
485 882 595 956 terras,
617 874 687 954 iuga
710 874 791 936 nulla
813 894 868 956 per
891 894 986 938 auras.
1033 948 1038 959 ι

87 979 144 1022 nec
167 961 307 1022 lacrimae
331 955 384 1044 (ne
407 962 484 1022 terte
506 956 628 1046 preces)
652 965 793 1042 superine
815 966 915 1026 uocati

86 1060 210 1128 pectora
233 1057 337 1110 nostra
358 1057 494 1131 mouent3
517 1049 582 1112 aliis
605 1069 659 1111 rex
681 1050 815 1132 luppiter
835 1055 906 1113 oris.
1031 1089 1035 1098 ι

85 1137 154 1199 laxo
172 1137 351 1218 Bebrycium
374 1146 502 1217 nequeat
525 1138 737 1200 transcendere
758 1143 868 1221 puppis
1052 1156 1105 1206 auo

87 1225 146 1286 ulla
170 1227 282 1288 fretum
305 1235 335 1287 et
357 1234 449 1306 ponto
472 1226 578 1288 uolitet
595 1227 768 1308 Symplegas
790 1224 891 1290 inani'

131 1314 213 1375 Talia
236 1314 315 1375 dicta
332 1314 434 1397 dabat,
454 1333 526 1376 cum
547 1318 686 1395 protinus
708 1335 795 1397 asper
817 1317 904 1379 lason

89 1411 121 1463 et
144 1401 234 1464 simul
257 1402 401 1464 Aeacidae
424 1403 513 1464 simul
535 1411 567 1465 et
589 1404 745 1485 Calydonis
767 1405 879 1468 alumni

85 1490 269 1570 Nelidaeque
292 1491 419 1571 ldasque
441 1494 526 1572 prior
548 1511 625 1572 quae
646 1495 772 1560 maxima
795 1503 922 1572 surgunt

85 1581 221 1659 nomina3
244 1579 298 1640 sed
320 1579 402 1641 nudo
424 1588 550 1642 steterat
571 1583 630 1642 iam
652 1588 775 1661 pectore
797 1581 911 1643 Pollux.
1050 1597 1103 1644 aas

84 1676 150 1728 tum
172 1686 267 1747 pauor
290 1676 321 1729 et
342 1667 459 1748 gelidus
479 1668 584 1730 defixit
606 1669 728 1731 Castora
750 1672 879 1751 sanguis.

83 1773 154 1817 narn
176 1773 233 1816 uec
256 1756 292 1816 ad
314 1755 380 1817 Elei
400 1774 532 1837 pugnam
553 1757 636 1819 uidet
659 1776 711 1818 ora
733 1761 876 1839 parentis,

82 1861 140 1905 nec
164 1853 250 1906 sonat
267 1843 408 1906 Oebalius
425 1863 534 1907 caueae
557 1847 643 1908 iauor
665 1846 701 1907 ad
724 1848 793 1926 iuga
816 1855 885 1909 nota

83 1932 219 2014 Taygeti,
241 1935 357 2012 rapitur
377 1936 491 2013 patrios
513 1934 566 1996 ubi
588 1936 687 1997 uictor
708 1935 745 1996 ad
769 1954 879 2015 amnes,

81 2037 139 2081 nec
161 2022 295 2100 pretium
316 2022 436 2102 sonipes
459 2031 510 2084 aut
532 2041 633 2084 sacrae
656 2031 761 2086 taurus
784 2024 921 2105 harenae,
1048 2038 1106 2089 aab

82 2111 214 2189 praemia
238 2110 290 2171 sed
313 2127 416 2171 manes
438 2110 614 2191 reclusaque
637 2113 725 2173 ianua
748 2111 807 2174 leti.

81 2197 166 2258 illum
188 2197 318 2278 Amycus
340 2216 397 2260 nec
419 2199 518 2260 fronte
540 2208 659 2261 trucem
680 2219 737 2261 nec
760 2201 837 2262 mole
860 2198 1050 2263 tremendum

82 2286 207 2346 uixdum
231 2288 320 2348 etiam
341 2288 454 2366 primae
478 2295 667 2368 spargentem
689 2290 773 2368 signa
795 2291 936 2351 iuuentae

80 2391 136 2434 ore
159 2374 309 2435 renidenti
331 2375 463 2437 lustrans
485 2375 549 2437 obit
572 2384 603 2437 et
625 2377 728 2438 tremit
749 2395 865 2459 ausum,

80 2463 322 2542 sanguineosque
345 2470 424 2525 rotat
446 2464 533 2526 iuriis
552 2463 727 2526 ardentibus
749 2465 846 2527 orbes.
1045 2479 1099 2528 aar»

82 2567 143 2610 uon
167 2550 254 2612 aliter
277 2554 336 2612 iam
358 2570 451 2631 regua
471 2551 545 2633 poli,
568 2555 627 2614 iam
649 2561 734 2634 capta
756 2554 915 2634 Typhoeus

83 2647 165 2700 astra
187 2639 289 2701 isrens
312 2639 462 2702 Bacchum
485 2648 553 2703 ante
575 2644 656 2703 acies
677 2643 864 2722 primamque
887 2642 1012 2705 deorum

40 2765 45 2774 -
84 2724 202 2788 Pallada
225 2735 256 2789 et
279 2730 432 2808 oppositos
455 2728 549 2790 doluit
571 2729 629 2792 sibi
651 2732 778 2810 uirginis
801 2749 922 2810 angues.

81 2815 126 2874 sic
149 2813 225 2876 adeo
248 2817 417 2895 insequitur
440 2816 603 2897 rabidoque
625 2819 667 2879 ita
689 2837 844 2880 murmure
866 2826 974 2879 terret:

80 2896 232 2982 ‘quisquis
255 2922 302 2986 cs,
324 2905 426 2966 infelix
449 2905 546 2967 celera
568 2924 658 2986 puer3
681 2906 754 2968 haut
776 2906 831 2969 tibi
852 2905 994 2986 pulchrae
1045 2918 1101 2969 ato

81 2993 227 3052 manserit
249 2991 307 3053 hoc
330 2993 409 3054 ultra
431 2993 539 3055 frontis
562 2993 655 3054 decus
677 3012 769 3054 oraue
792 2996 880 3055 matri
989 3048 1001 3064 ,

80 3087 151 3140 nota
174 3080 263 3141 leros.
308 3089 395 3164 tune,
418 3100 436 3142 o
460 3084 548 3143 sociis
571 3080 685 3143 electus
707 3083 827 3162 iniquis,

79 3175 153 3227 tune
176 3168 280 3249 Amyci
302 3171 430 3232 moriere
453 3165 577 3231 manu?'
600 3187 656 3230 nec
677 3168 765 3249 plura
786 3177 919 3231 moratus

79 3256 218 3334 ingentes
241 3275 362 3318 umeros
385 3261 574 3338 spatiosaque
596 3259 728 3337 pectoris
751 3275 818 3318 ossa

79 3343 207 3422 protulit
227 3344 454 3425 horrendosque
477 3348 551 3408 toris
574 3345 751 3408 informibus
773 3352 864 3406 artus⁴
1044 3354 1072 3402 ν

78 3429 226 3494 deliciunt
247 3435 317 3495 uisu
339 3433 468 3515 Minyae,
489 3437 616 3500 miratur
639 3443 669 3495 et
691 3436 755 3514 ipse

79 3516 281 3602 Tyndaridem
303 3522 382 3585 redit
404 3521 522 3584 areidae
544 3525 603 3584 iam
626 3540 692 3584 sera
709 3521 822 3603 cupido
887 3590 890 3594 ⁴
