2362 3938
479 108 529 163 AD
548 106 615 165 ΗΒ.
634 109 694 164 VII.

172 262 233 319 159
257 262 300 319 sis
321 260 397 318 76666
418 259 473 317 Ph.
496 256 679 335 Wagnerus:
703 263 794 319 tecum
817 260 853 319 V.

171 350 232 406 161
258 348 368 421 defectu
389 346 578 423 Meynckius:
601 349 717 422 6666666
734 347 772 406 V.

170 437 233 495 164
253 438 308 494 tcre'
327 435 446 510 scripsi:
464 453 590 509 praescr
606 435 635 493 V
659 453 695 494 ex
717 454 808 495 uersu
831 436 941 512 priore.
974 437 1094 496 omnino

77 544 154 600 opus
169 527 216 583 cst
230 523 371 600 genetiuo
384 523 514 599 quodam
529 523 568 582 ad
583 517 738 583 ‘amorem'
753 542 858 584 uocem
878 524 989 583 addito.
1022 525 1095 583 olim

77 613 263 673 conieceram
286 605 380 671 ‘istud
404 631 462 688 quo
484 629 532 670 me
546 610 713 671 frustretur
727 613 870 672 acerbum
883 612 970 672 uince
989 607 1093 687 prior'.

172 701 234 759 165
258 701 313 758 tce
335 704 399 760 utro
422 699 542 774 scripsi:
565 701 619 759 illu
640 717 724 760 scere
746 701 783 759 V.

171 791 232 847 169
257 790 389 847 cuntibus
421 787 541 862 scripsi:
574 789 670 848 sotuct
701 793 728 846 et
755 789 784 846 V
817 807 853 848 ex
879 788 969 848 foede
1000 789 1092 846 inter-

78 877 231 953 polatione
253 878 323 950 pest
345 876 428 936 uocis
452 875 599 952 genuinae
621 876 828 952 interlapsum.

170 968 231 1023 171
257 968 358 1024 centa
384 963 504 1039 scripsi:
539 963 636 1024 Venus
662 965 690 1021 V
718 983 754 1022 ex
782 966 893 1041 glossa.
942 983 1013 1024 narn
1041 969 1095 1024 aut

79 1052 256 1126 simpliciter
279 1045 405 1111 ‘Venus'
419 1055 482 1125 <aut
505 1045 614 1111 ‘meter
641 1046 800 1112 Amorum'
829 1053 960 1112 scribere
988 1053 1093 1113 debuit

78 1141 232 1215 Valerius,
265 1158 333 1199 cum
359 1141 416 1198 hoe
448 1140 486 1198 ad
518 1140 594 1198 illud
625 1159 679 1215 per
711 1141 931 1217 appositionem
958 1141 1095 1200 additum

77 1229 191 1288 mirum
212 1231 360 1304 quantum
380 1228 508 1304 frigeat:
531 1231 665 1287 ceterum
692 1229 728 1288 cf.
755 1230 848 1307 Verg.
876 1230 951 1289 Aen.
974 1230 1005 1288 H
1028 1231 1093 1290 325

79 1321 113 1376 et
135 1316 195 1374 XII
219 1318 292 1376 807.

171 1406 235 1464 174
262 1407 333 1477 quic
355 1403 511 1464 Heinsius:
535 1423 592 1464 orn.
620 1404 656 1462 V.
703 1398 799 1481 ‘quin'
830 1405 910 1479 apud
937 1405 1094 1463 Valerium

82 1511 174 1566 saepe
195 1510 250 1566 pro
274 1511 309 1550 eo
333 1493 413 1569 quod
436 1495 483 1551 est
506 1485 582 1551 ‘sed'
606 1491 775 1552 adhibetur.

173 1583 234 1639 178
260 1580 419 1639 Haemonii
441 1580 561 1655 scripsi:
583 1576 694 1638 Aesoni
715 1579 752 1638 V.

172 1670 234 1727 186
257 1670 366 1742 arripit
388 1667 507 1743 scripsi:
530 1669 633 1741 aspicit
655 1667 691 1726 V.

171 1758 233 1817 198
256 1774 335 1815 6666
358 1762 384 1815 et
406 1761 458 1816 tua
481 1756 602 1832 scripsi:
625 1773 704 1814 6666
721 1757 750 1815 si
771 1759 822 1814 tua
845 1755 881 1814 V.

172 1847 236 1904 200
260 1845 364 1916 quium
387 1837 558 1924 (=quippe
582 1838 668 1923 quid)
692 1863 762 1919 ego:
786 1843 892 1916 quidue
913 1842 950 1900 V.

172 1934 234 1991 201
259 1950 311 1991 uec
329 1933 448 2006 scripsi:
471 1934 523 1992 hoc
545 1933 585 2008 V3
609 1932 645 1990 cf.
669 1931 744 1991 Aen.
763 1931 806 1990 IX
831 1934 881 1991 10.

172 2022 234 2078 213
258 2023 316 2080 istc
339 2021 458 2096 scripsi:
481 2023 548 2094 :psa
570 2021 606 2080 V.

171 2109 300 2167 214'stc
323 2107 440 2168 Carrio:
463 2109 509 2168 766
531 2109 568 2167 V.
592 2141 634 2148 -
657 2108 761 2167 metim
784 2100 937 2184 ‘carique'.

172 2197 235 2255 226
259 2201 292 2255 ut
313 2199 374 2256 ium
396 2201 564 2270 reputentur
586 2196 744 2256 Heinsius:
768 2199 854 2256 etium
875 2198 1040 2270 repetentur
1058 2194 1095 2252 V.

176 2286 238 2343 229
261 2286 393 2358 malicus
416 2284 536 2360 scripsi:
559 2285 698 2359 metipsis
720 2284 757 2343 V.

174 2374 237 2432 230
265 2373 367 2432 leserit
393 2372 548 2432 Heinsius:
576 2375 695 2432 chescre't
715 2373 752 2430 V.
776 2405 818 2412 -
845 2374 948 2432 messis
976 2369 1096 2430 Carrio:

82 2463 190 2519 666666
211 2460 248 2518 V.

172 2550 237 2608 240
260 2553 342 2607 tuum
365 2549 487 2623 scripsi:
510 2567 602 2608 ceusu:
624 2549 661 2607 V.

173 2637 235 2696 243
259 2632 366 2696 dubiae
387 2636 593 2696 Burmannus:
621 2633 715 2698 deeras
742 2638 783 2713 V3
812 2637 850 2696 cf.
874 2636 949 2697 Aen.
976 2635 1019 2694 IV
1043 2637 1096 2694 55.

173 2726 236 2783 244
258 2726 388 2784 membra
410 2725 513 2784 Thilo:
536 2728 624 2785 mesti
646 2727 682 2783 V.

172 2814 235 2871 245
259 2828 401 2885 repensus
424 2813 543 2888 scripsi:
567 2829 701 2887 reponem
724 2813 760 2872 V.

173 2903 235 2959 247
260 2903 371 2973 istaque
393 2901 470 2959 Phil.
493 2900 678 2976 Wagnerus:
700 2903 821 2973 fmsaque
842 2899 879 2956 V.

173 2990 237 3047 250
259 2991 374 3048 cuneta
395 2989 550 3048 Heinsius:
573 2990 672 3047 macic
694 2987 730 3046 V.

173 3078 236 3135 259
261 3077 395 3136 aetheriis
418 3077 537 3152 scripsi:
565 3076 678 3149 asperis
704 3074 745 3149 V;
775 3064 888 3132 ‘aeriis’
912 3071 1095 3147 Maduigius.

173 3166 238 3224 260
260 3165 416 3238 fulpcntem
437 3165 593 3224 Heinsius:
615 3164 760 3237 fipicmcm
782 3161 819 3220 V.

175 3254 238 3311 262
263 3253 347 3315 callet
368 3252 488 3328 scripsi:
510 3253 595 3311 uellet
615 3251 653 3310 V.
673 3280 715 3290 -
737 3253 821 3309 uates
845 3246 965 3322 scripsi:
989 3251 1097 3306 666166

85 3339 113 3398 V
134 3341 329 3416 ineptissime.

174 3430 236 3488 269
260 3446 297 3488 66
319 3429 438 3506 scripsi:
461 3434 493 3488 tu
515 3427 552 3485 V.
