2362 3938
132 193 174 256 14
468 188 497 245 (i.
517 190 656 245 vinnm
673 189 804 248 FLAOCI

109 350 181 402 aut
203 349 329 422 pontum
352 357 435 401 remo
459 338 582 422 subigit,
606 339 658 400 sed
678 341 808 401 carmine
832 348 933 401 tonsas

129 431 174 491 ire
198 430 298 514 docet,
321 447 437 491 summo
460 429 571 508 passim
593 445 631 488 ne
654 430 771 507 gurgite
791 426 939 508 pugnent.

130 520 221 582 donat
244 528 274 581 et
296 517 408 599 Iphiclo
432 517 553 598 pelagus
577 518 780 597 iuuenumque
803 515 921 578 labores

130 608 306 691 Aesonides,
329 608 442 668 sessum
464 605 590 685 Phylace
614 624 703 684 quem
725 608 849 666 miserat
871 624 955 688 aeuo,

130 700 263 758 neniam
277 714 402 777 operum
416 697 447 755 in
462 702 586 776 partem,
601 696 732 755 monitus
746 693 799 756 scd
814 695 910 755 tradat
924 702 959 755 ut
973 713 1060 758 acres
1098 709 1148 760 475

129 803 365 866 magnorumque
389 786 471 845 uiros
495 786 547 862 qui
569 782 707 843 laudibus
729 790 798 844 urat
820 801 954 844 auorum.

130 875 221 957 Arge,
244 883 313 935 tuae
332 872 387 934 tibi
411 889 483 933 cura
506 873 591 953 raliS,
614 879 644 932 te
668 873 785 933 moenia
807 871 929 933 doctum

130 963 259 1044 Thespia
281 960 410 1023 Palladio
435 961 506 1021 dant
528 978 666 1040 munere3
689 978 755 1021 sors
778 960 846 1042 tibi,
870 978 969 1040 nequa

129 1059 214 1133 parte
238 1049 336 1111 trahat
358 1051 481 1110 tacitum
503 1051 612 1128 puppis
635 1067 717 1110 mare
740 1049 868 1128 fissaque
887 1049 982 1111 iluctu

129 1139 179 1201 uel
201 1141 267 1218 pice
290 1138 340 1198 uel
362 1136 444 1197 molli
462 1136 630 1197 conducere
653 1136 779 1198 uulnera
803 1155 879 1198 cera.
948 1162 958 1170 κ

129 1227 256 1308 peruigil
279 1225 403 1286 Arcadio
428 1224 539 1303 Tiphys
562 1225 711 1303 pendebat
734 1225 770 1286 ab
794 1233 874 1286 astro

128 1315 308 1395 Hagniades,
332 1313 402 1374 felix
425 1312 519 1373 stellis
543 1315 594 1392 qui
617 1313 759 1393 segnibus
784 1332 871 1376 usum

129 1411 159 1465 et
182 1403 264 1465 dedit
286 1420 451 1482 aequoreos
474 1401 555 1461 caelo
580 1402 655 1462 derce
680 1403 804 1464 tendere
828 1421 944 1464 cursus.

219 1491 298 1553 Ecce
321 1510 376 1572 per
399 1490 511 1569 obliqui
534 1491 670 1570 rapidum
693 1492 858 1571 conpendia
881 1493 992 1570 montis

130 1583 236 1645 ductor
260 1598 353 1642 ouans
376 1578 530 1657 laetusque
554 1579 631 1640 dolis
654 1581 788 1659 agnoscit
809 1580 951 1641 Acastum
987 1617 991 1625 ·

129 1669 303 1732 horrentem
325 1672 357 1729 in
380 1669 483 1729 iaculis
507 1677 538 1729 et
559 1686 679 1747 parmae
701 1668 769 1729 luce
793 1687 962 1732 coruscum.

128 1759 177 1820 ille
200 1757 253 1819 ubi
276 1777 308 1818 se
332 1757 446 1818 mediae
468 1775 523 1837 per
546 1764 632 1818 scuta
653 1759 797 1835 uirosque
821 1759 939 1818 carinae

129 1846 241 1928 intulit,
265 1846 382 1907 ardenti
404 1845 566 1907 Aesonides
590 1845 753 1906 retinacula
777 1847 857 1906 ferro

129 1935 268 2018 abscidit3
290 1935 362 1995 hant
384 1935 470 1996 aliter
493 1934 585 1995 saltus
609 1942 780 2012 hastataque
803 1936 911 2014 pernix

129 2033 255 2087 uenator
279 2041 366 2104 qnam
389 2024 484 2083 instra
507 2023 582 2101 fugit
605 2023 784 2100 dominoque
808 2025 964 2084 timentem

128 2122 218 2193 urget
240 2131 363 2193 equum,
387 2119 505 2171 teneras
529 2109 691 2191 conplexus
713 2119 835 2190 pectore
859 2114 962 2192 tigres,

129 2219 202 2280 quas
226 2208 293 2262 astu
316 2201 415 2279 rapuit
437 2200 558 2280 pauido,
582 2200 654 2261 dum
677 2219 765 2260 saeua
787 2200 900 2262 relictis

128 2297 224 2349 mater
246 2290 278 2349 in
301 2306 407 2349 auerso
432 2287 536 2350 catulis
560 2297 688 2349 uenator
711 2289 832 2350 Amano.

128 2384 162 2437 ut
185 2377 298 2456 pariter
320 2375 462 2456 propulsa
485 2379 572 2457 ratis,
598 2384 677 2437 stant
699 2377 787 2437 litore
810 2385 920 2438 matres

128 2464 266 2543 claraque
289 2463 356 2525 uela
379 2464 473 2524 ocuHs
496 2483 698 2544 percussaque
722 2465 784 2525 sole
808 2473 951 2527 secuntur

129 2560 213 2614 scuta
237 2553 351 2633 uirum,
376 2550 470 2612 donec
493 2555 551 2611 iam
574 2553 682 2613 celsior
705 2553 811 2615 arbore
833 2560 943 2633 pontus

127 2641 341 2719 inmensusque
364 2647 460 2700 ratem
483 2640 688 2720 spectantibus
712 2642 833 2704 abstulit
856 2661 914 2703 aer.

221 2729 344 2790 Siderea
367 2736 439 2790 tune
463 2746 531 2790 arce
554 2738 639 2809 pater
661 2730 861 2810 pulcherrima
884 2730 1007 2792 Graium

128 2825 233 2897 coepta
256 2825 345 2879 tuens
367 2823 538 2897 tantamque
563 2821 662 2898 operis
686 2838 868 2900 consurgere
892 2819 1002 2881 molem

127 2907 266 2987 laetatur3
288 2907 377 2986 patrii
400 2924 498 2986 neque
522 2910 601 2968 enim
624 2908 731 2989 probat
754 2912 813 2971 otia
836 2910 930 2988 regni.
1091 2922 1147 2974 500

126 3015 186 3059 arna
209 3013 312 3057 omnes
336 2996 465 3076 gaudent
488 2999 590 3076 superi
612 3006 800 3078 uenturaque
823 2997 906 3078 Enyo

127 3092 261 3164 tempora
285 3102 419 3165 quaeque
442 3088 507 3147 uias
531 3095 660 3147 cernunt
682 3087 739 3148 sibi
763 3105 899 3148 crescere
922 3085 1043 3148 Parcae.

128 3173 181 3234 sed
204 3191 268 3252 non
288 3181 319 3234 et
343 3173 474 3253 Scythici
497 3178 617 3254 genitor
640 3175 811 3236 discrimine
835 3178 897 3236 nati

48 3292 56 3307 x
125 3262 294 3341 intrepidus
316 3261 390 3323 tales
414 3263 513 3324 fundit
536 3263 586 3324 Sol
609 3270 731 3342 pectore
754 3280 860 3324 uoces:

126 3341 253 3410 ‘summe
277 3357 370 3432 sator,
394 3353 443 3411 cui
466 3358 568 3412 nostra
592 3351 655 3412 dies
678 3349 870 3411 uoluentibus
894 3352 980 3411 annis
1090 3362 1146 3414 505

124 3440 169 3494 toi
191 3439 307 3516 peragit
330 3438 486 3516 reficitque
509 3442 606 3520 uices,
629 3446 718 3500 tuane
741 3439 799 3498 ista
821 3435 983 3501 uoluntas?

119 3519 271 3602 Graiaque
294 3543 375 3586 nunc
398 3528 486 3587 undis
510 3527 585 3588 donee
609 3534 638 3587 te
662 3532 797 3604 nutuque
822 3526 953 3587 secundo
