2376 3938
379 189 510 244 OBITUS
528 189 750 244 ALEXANIlRI.
1007 192 1068 256 121

59 375 112 418 eos
136 352 301 416 numerari
324 372 389 416 non
415 355 574 436 oportere,
597 353 750 436 quoniam
773 352 839 417 iam
863 375 933 420 esse
957 355 1069 421 desiis-

59 445 140 525 sent,
164 441 282 526 quippe
305 441 413 523 plures
432 441 638 524 pronuntiari
661 444 809 524 oportere
833 464 897 521 eos,
921 466 1001 527 quos
1024 444 1070 509 vi·

60 531 145 612 deas,
170 552 267 614 quam
291 529 366 593 illos
391 529 524 606 scilicet,
547 550 628 613 quos
651 550 755 613 neque
778 530 862 595 oculi
885 532 945 595 ulli
966 553 1070 616 neque

59 620 144 684 ratio
169 618 382 702 conspicetur.
419 617 500 682 Post
522 618 648 700 quaerit
671 639 710 681 ex
733 618 807 703 alio,
830 623 981 684 utrumne
1003 622 1071 685 vita

57 707 176 773 fortior
198 728 240 770 an
263 728 341 771 vero
366 707 408 771 sit
432 728 528 772 mors.
570 705 683 770 Vitam
707 727 776 770 esse
797 729 990 792 responsum
1013 712 1105 791 est,5

60 796 145 880 quod
166 796 244 860 solis
265 816 392 879 quoqne
410 794 588 859 ferventior
607 795 740 858 orientis
755 795 857 880 vigor,
877 797 1072 862 marcentior

58 907 136 949 vero
160 884 320 948 viseretur
343 883 507 966 occiduus,
536 887 706 967 ortumque
729 883 871 949 hominis
895 906 980 966 esse,
1008 906 1071 968 quo

58 974 193 1056 vivitur,
220 976 409 1054 contraque,
437 993 501 1055 quo
524 971 651 1055 frigeat.
696 971 742 1036 Et
767 972 800 1037 id
829 972 935 1057 addit,
963 976 1072 1039 utrum

59 1083 149 1126 mare
173 1061 348 1144 spatiosius
373 1081 455 1123 anne
479 1063 574 1124 t.erra
616 1058 750 1125 Terram
773 1081 844 1126 esse
866 1063 1103 1146 respondente

59 1151 150 1215 cuius
178 1170 266 1213 mare
295 1148 418 1250 gremio
442 1151 614 1213 t.eneretur
661 1147 812 1214 Sciscitat
798 1153 851 1214 tur
879 1151 912 1215 id
936 1161 1135 1236 quoque,19.

62 1259 222 1323 quaenam
253 1237 397 1303 omnium
428 1237 534 1300 bestia
567 1236 780 1302 callidiort
748 1241 780 1302 et
817 1238 963 1305 astutior.
1008 1238 1072 1304 Hic

59 1349 136 1391 vero
167 1348 239 1390 cum
268 1325 335 1390 risu
362 1325 527 1389 hominem
556 1346 627 1390 esse
649 1326 861 1408 pronuntiant
888 1327 1072 1412 adduntque

59 1416 222 1480 rationem
245 1414 284 1478 de
312 1415 458 1497 exemplo
488 1414 551 1498 sui,
579 1414 635 1497 qui
662 1415 751 1478 solus
779 1418 830 1479 tot
858 1416 1072 1480 animantium

60 1505 152 1568 milia
174 1503 354 1585 inlexisset,
378 1505 415 1566 ut
443 1502 482 1566 ad
505 1502 725 1586 persequenda
748 1524 800 1584 ea,
823 1524 904 1586 quae
928 1504 1000 1568 aliis
1024 1524 1073 1568 es·

61 1595 147 1673 sent,
175 1592 313 1674 praedae
342 1591 519 1675 cupiditate
547 1592 741 1655 laborarent.
785 1588 862 1655 Non
888 1591 939 1655 his
967 1594 1004 1655 ut
1032 1590 1072 1655 ad
1086 1613 1114 1655 ιι

60 1681 291 1746 contumeliam
320 1679 414 1744 dictis
438 1680 623 1744 Alexander
651 1678 851 1744 movebatur.
896 1678 1072 1744 Enimvero

61 1768 164 1851 addit,
191 1769 267 1852 quid
290 1769 462 1851 imperium
491 1769 554 1832 sibi
576 1767 746 1833 videretur.
793 1766 839 1830 At
870 1766 921 1830 illi
949 1766 1072 1832 fraudis
1147 1792 1149 1794 ’

60 1857 244 1941 potentiam
272 1878 342 1920 esse
369 1856 567 1939 respondent
594 1855 738 1920 adiutam
767 1855 924 1939 temporis
946 1855 1071 1921 blandi-

61 1948 172 2010 mento
199 1946 267 2028 vel,
295 1949 323 2009 si
350 1945 397 2009 ita
425 1945 574 2026 mavelit,
601 1944 723 2008 iniusta
751 1943 894 2008 audacia.
941 1942 1075 2020 Quaerit

61 2034 176 2117 etiam,
210 2036 360 2097 utrumne
391 2033 459 2098 dies
499 2055 540 2096 an
570 2054 645 2097 vero
681 2053 747 2096 nox
775 2033 866 2115 prius
897 2033 1074 2097 constituta
1088 2054 1117 2094 ao

61 2125 240 2207 putaretur.
279 2121 435 2205 Nihilque
460 2124 647 2186 cunctantes
669 2122 800 2187 noctem
825 2120 934 2204 priore
962 2120 1074 2185 ordine

61 2232 212 2294 posuere,
241 2232 313 2274 curn
343 2211 453 2275 omnia
481 2231 607 2294 quoque
635 2212 792 2292 concepta
814 2209 942 2275 vivendi
966 2209 1074 2292 auspi-

63 2300 147 2363 cium
176 2299 211 2362 in
238 2298 382 2363 tenebris
411 2299 603 2381 sortiantur,
630 2301 706 2382 post
729 2319 803 2364 vero
827 2302 905 2362 nata
933 2300 968 2362 in
992 2297 1073 2384 lucis

63 2388 172 2470 spatia
194 2388 476 2472 transmigrarent.
1088 2408 1114 2447 ιι

155 2473 211 2541 12.
242 2474 361 2559 Pergit
398 2474 534 2558 denique
568 2474 742 2553 sciscitari,
779 2475 908 2540 cuinam
945 2474 1074 2539 mentiri
1091 2484 1140 2537 20.

62 2564 226 2628 hominem
254 2584 321 2628 non
348 2566 519 2648 oporteret.
565 2562 769 2646 Responsum
797 2566 861 2647 est,
888 2564 963 2644 deo,
988 2562 1074 2648 quod

64 2653 175 2717 omnia
197 2652 310 2717 videns
338 2653 394 2716 ille
421 2652 465 2716 sit
493 2654 590 2735 atque
614 2652 757 2717 omnium
782 2652 895 2716 sciens.
941 2650 1076 2727 Quaerit

64 2742 176 2822 etiam,
207 2760 363 2824 quasnam
393 2740 428 2804 in
455 2739 586 2804 homine
614 2744 723 2823 partes
750 2739 978 2805 honoratiores
1006 2760 1075 2804 esse

154 2913 280 2969 chrba
304 2914 498 2982 ‘-oportere
465 2910 708 2980 -pronuntiari'
732 2928 783 2968 om.
807 2913 843 2966 A.
884 2913 1016 2996 quoniam
1039 2913 1075 2968 Β.

63 3000 149 3052 quum
168 2985 201 3041 P.
230 2985 359 3038 desinant
376 2984 411 3037 Β.
495 2982 604 3037 3ooali
623 2982 667 3036 illi
687 2984 720 3037 P
806 2983 1021 3052 4οοιιιρὶοοιιιι
1041 2984 1075 3036 P.

63 3053 262 3124 conspicentur
280 3054 315 3108 B.
341 3053 513 3122 conspiceret
531 3052 566 3109 A.
639 3059 740 3108 avere
760 3054 794 3107 P.
821 3054 854 3107 ia
871 3053 908 3108 A.
927 3055 994 3108 ordo
1016 3058 1076 3108 tur-

64 3127 151 3180 batus.
194 3126 283 3181 Verba
303 3124 462 3179 Vitam-
477 3123 646 3178 ferventior'
666 3125 794 3206 leputatur
810 3129 872 3193 poet
890 3140 945 3191 qao
963 3121 1076 3177 vivitur.
1178 3140 1179 3144 ¹

64 3195 250 3265 tepetiosius
270 3212 319 3250 om.
329 3194 366 3249 Β.
413 3199 446 3249 10
465 3209 542 3248 mare
560 3210 610 3250 om.
620 3196 655 3250 B.
679 3194 710 3249 id
728 3194 885 3264 q.uoqneA
910 3193 1076 3262 deniqueP.

65 3271 97 3319 11
117 3284 240 3334 quonam
258 3256 296 3321 Β
327 3265 448 3319 bestiam
466 3264 502 3317 Β.
535 3263 589 3318 Hic
607 3268 643 3318 A.
670 3265 761 3320 Huius
779 3265 812 3319 P.
896 3270 930 3318 14
949 3280 966 3318 a
983 3280 1077 3332 perae·

65 3339 176 3404 quenda
203 3339 237 3393 P.
315 3341 347 3390 17
367 3351 417 3402 per
442 3335 590 3402 imperium
614 3335 692 3393 A..B
772 3341 805 3390 18
824 3333 950 3390 adiutam
975 3335 1008 3389 P.
1042 3334 1078 3388 ad

65 3411 154 3462 vitam
168 3409 203 3463 A.
242 3413 275 3460 te
293 3406 427 3460 iniustam
445 3404 591 3459 audaciam
605 3406 638 3461 P.
681 3412 713 3460 21
735 3405 880 3461 cunctanti
894 3407 929 3460 Β.
967 3411 1002 3460 23
1021 3417 1078 3460 sor·

63 3477 220 3532 tiantur-
233 3479 302 3532 nata
319 3493 370 3532 om.
388 3476 423 3531 Β.

154 3550 199 3604 12.
233 3555 267 3604 aa
286 3548 428 3603 sciscitare
447 3546 482 3599 Β.
