2362 3938
132 175 204 229 XLII
535 172 741 226 PRAEFATIO

131 328 166 382 ut
190 321 365 397 saepissime
388 321 469 397 apud
482 321 649 397 Valerium,
672 320 760 380 dccet
773 321 860 381 Maro
876 320 939 398 [IX
953 323 1014 401 21]
1039 320 1142 401 ‘sequor

132 411 233 469 omine
254 413 342 469 tante
356 409 490 486 quisquis
512 410 545 467 in
567 428 652 468 erma
665 401 778 467 ucces'.
791 410 899 486 itaque
918 431 957 471 ex
972 407 1050 474 ‘uel'
1070 413 1143 474 elicui

132 492 225 558 ‘ciet'.
271 499 378 558 deinde
400 517 456 574 pro
479 490 583 555 ‘fauit'
596 489 676 555 'dedi
699 490 813 556 ‘eltus'.
850 517 925 557 nam
948 501 1141 561 adsurrexisse
1172 510 1177 579 ³.

132 587 171 646 nd
195 587 272 646 telis
295 588 394 647 omina
407 590 526 645 ueteres
541 605 584 644 ex.
598 605 644 662 gr.
659 605 695 643 ex
708 584 846 661 Vergilio
872 584 920 661 [Π
946 587 1028 666 699]
1053 592 1140 649 clucet

225 678 287 734 681
312 677 394 734 11111111
419 673 626 733 Schenkelius:
648 675 755 732 nnrbrc
778 673 806 730 V
829 693 868 732 ex
888 675 939 734 HI
964 681 1042 739 215.

224 766 286 824 702
311 781 365 822 ere
391 765 441 822 nbi
464 762 583 838 scripsi:
610 763 710 821 esurie
737 761 765 819 V
788 760 901 837 inepte.
951 759 1137 843 ε0111111111-

132 845 188 910 tie'
211 852 305 910 hebes
328 851 371 908 IV
395 853 461 911 490
484 869 541 926 sq.;
563 849 622 908 VH
647 852 697 910 79.

223 941 286 999 705
319 957 441 998 sceninn
472 938 592 1014 scripsi:
623 956 721 998 scrnrn
751 937 780 994 V
812 939 877 997 sine
909 959 1004 1000 sensu
1037 943 1136 1002 idmee.

131 1019 271 1099 ‘uerum',
289 1027 368 1101 qued
390 1027 582 1085 Burmannus
596 1027 704 1101 uoluit,
727 1027 838 1084 mirum
852 1031 1003 1108 quantum
1017 1031 1136 1107 languet

129 1114 215 1172 uides
239 1133 328 1188 quem
351 1116 422 1189 apte
446 1107 567 1172 ‘saeuus
590 1108 710 1175 Phesis’
734 1118 765 1174 ct
793 1108 895 1174 ‘mites
919 1109 1044 1196 (contra
1064 1121 1136 1177 netu-

130 1219 196 1258 rem
220 1193 320 1279 sunm)
344 1194 459 1259 Colchi’
483 1201 542 1260 sibi
564 1206 764 1278 opponantur.

221 1289 284 1347 709
308 1289 589 1348 haec-manebant
613 1292 735 1367 scripsi:
765 1295 1004 1353 et-naneeanr
1032 1295 1067 1354 V.
1108 1292 1135 1351 ci.

222 1467 285 1524 715
309 1468 424 1525 iunctus
447 1466 549 1526 Thilo:
574 1471 710 1539 quemuis
731 1467 768 1525 V.

222 1556 284 1612 716
309 1559 348 1614 ror
366 1555 485 1630 scripsi:
509 1561 535 1614 et
548 1555 584 1613 V.
610 1557 760 1631 plerique,
783 1556 862 1614 inter
885 1576 962 1632 quos
976 1559 1134 1634 nuperrime

131 1642 224 1700 etiem
251 1641 424 1720 Meduigiue
453 1645 567 1719 extitit,
595 1662 663 1703 cum
689 1662 750 1701 non
776 1644 991 1720 intellegerent
1017 1648 1134 1722 primum

131 1728 168 1787 de
200 1729 290 1789 Pcnti
317 1732 492 1808 latitudine,
525 1731 631 1790 deinde
664 1732 701 1790 de
733 1750 880 1807 equarum
911 1734 1056 1794 ubertate
1086 1732 1133 1809 egi,

131 1835 225 1892 preue
248 1818 285 1877 de
308 1819 357 1878 his
375 1820 514 1880 uersibus
533 1820 772 1896 disputauerunt.

221 1909 285 1966 718
313 1925 385 1966 nnm
412 1908 650 1968 Slcthcuwerus:
678 1925 737 1967 non
764 1908 806 1983 V;
834 1909 944 1969 ceteris
972 1912 1035 1970 uiri
1063 1909 1131 1970 illius

130 1993 211 2054 docti
233 1996 451 2056 mutationibus
474 2015 535 2055 non
557 2015 631 2072 opus
655 1999 710 2055 est.

221 2085 284 2142 719
308 2083 467 2159 Nonasqne
489 2085 622 2143 nondum
644 2087 814 2144 correctum
836 2103 872 2143 ex
895 2085 924 2142 V
947 2088 1077 2147 restitui.

221 2171 285 2228 730
309 2190 352 2245 sq.
376 2172 480 2229 melim
495 2166 603 2247 ‘primo
617 2191 672 2231 nec
694 2191 766 2231 uere
779 2173 964 2248 profimdum
983 2194 1007 2234 s.
1031 2194 1058 2234 e.
1072 2171 1130 2233 selis

127 2273 196 2312 cum
218 2251 291 2314 lux'.
831 2302 833 2307 -

220 2346 282 2403 734
306 2349 429 2418 requirit
451 2348 570 2422 scripsi:
594 2351 718 2422 exquirit
739 2349 776 2406 V.

219 2433 281 2490 746
313 2434 433 2492 lichenis
463 2435 679 2512 Weytingkius
712 2437 751 2495 ed
782 2437 870 2497 Hom
902 2438 970 2497 Lct.
1002 2459 1031 2514 p.
1066 2435 1131 2496 230:

126 2515 246 2576 herenis
268 2518 303 2577 V.

219 2607 281 2664 758
305 2608 392 2666 inliso
416 2608 593 2669 columbus:
616 2614 712 2672 incuso
734 2612 770 2673 V.
801 2657 803 2661 η

187 2870 216 2927 V
240 2872 258 2930 3
287 2859 397 2931 indum
425 2876 555 2934 1011111111
584 2877 704 2952 scripsi:
739 2882 802 2937 nim
826 2895 886 2937 nen
907 2881 1019 2939 inscius
1041 2878 1081 2954 V3
1103 2873 1134 2934 cf.

126 2959 142 3017 Ι
166 2961 228 3019 238
248 2979 291 3036 sq.
553 3007 556 3010 -
995 2983 999 2990 ·

217 3051 257 3108 35
282 3050 442 3110 Aesonides
465 3052 546 3110 edd.:
569 3051 736 3114 Aesonides
757 3053 793 3112 V.

217 3138 259 3198 38
284 3141 333 3211 qni
357 3139 475 3215 scripsi:
499 3159 573 3213 qnae
594 3140 631 3200 V.

216 3226 257 3284 55
282 3227 386 3285 mulim
409 3221 600 3289 ‘tremens’.

217 3314 259 3372 56
284 3317 417 3373 mimis
439 3315 558 3390 scripsi:
582 3318 714 3375 aenne
731 3315 768 3374 V.

219 3400 258 3456 72
282 3403 406 3461 neisercs
428 3403 543 3461 addidi:
567 3422 624 3462 om.
646 3401 683 3461 V.

219 3485 260 3542 84
284 3488 412 3559 referens
435 3491 553 3565 scripsi:
577 3495 706 3564 repetens
726 3488 762 3547 V.
