2362 3938
117 194 160 260 38
551 194 660 251 LIBER
677 194 698 250 I.

116 361 150 422 et
172 357 237 422 alia
255 357 307 422 vel
331 358 488 444 miranda,
512 381 605 424 mons
626 380 752 444 quoque
771 360 903 443 propter
925 359 993 425 illio
1012 361 1130 425 visitur

116 467 156 510 ex
170 449 338 531 congestu,
357 468 453 531 quem
472 447 627 514 incuriosi
641 448 813 513 vetustatis
828 449 1011 513 naturalem
1031 450 1130 515 etiam
1163 482 1164 487 ¹

116 533 300 618 opinantur.
342 533 405 601 Sed
427 541 467 600 'ea
490 536 593 601 moles
617 537 736 621 egestis
760 536 902 621 undique
926 541 1013 602 terra
1033 542 1131 624 atque

114 623 296 705 ruderibus,
319 625 436 710 quibus
457 624 668 690 fundamenta
691 625 757 688 sint
779 626 949 690 moenibus
973 627 1132 694 exhausta

90 717 336 799 evacuataque,
369 734 470 798 eoque
499 711 636 778 conlatis
671 734 709 777 ae
736 714 916 796 superfusis
944 715 1131 782 huiusmodi

117 802 216 867 erecti
240 808 272 867 et
295 803 388 867 ardui
411 802 530 866 montis
554 800 811 886 magnitudinem
835 804 982 887 sumpsit.

208 889 265 956 29.
290 889 426 956 Omnem
448 893 559 954 tamen
581 890 745 955 moenium
765 891 957 956 varietatem
980 893 1179 959 distinxisse

116 979 304 1044 nominibus
341 981 374 1043 et
410 979 547 1044 secrevit
582 978 641 1043 sub
679 979 897 1062 appellatione
931 981 1129 1048 Graecorum

118 1068 350 1132 elementorum
381 1067 622 1152 primorumque
654 1071 795 1151 quinque
827 1069 1026 1154 litterarum,
1064 1094 1131 1137 non

77 1176 103 1216 ro
118 1156 228 1238 ntique
252 1155 338 1240 quod
361 1156 422 1220 hoc
445 1156 515 1242 regi
539 1157 582 1220 sit
604 1156 832 1223 tantummodo
855 1157 994 1243 libitum,
1019 1182 1130 1225 verum

116 1243 165 1306 uti
189 1265 227 1308 ex
250 1243 339 1308 hisce
364 1243 483 1309 litteris
513 1245 562 1310 sui
585 1245 727 1310 nominis
750 1246 952 1330 perpetuitas
980 1246 1015 1312 in
1039 1249 1129 1313 urbis

116 1331 263 1415 partibus
293 1332 525 1398 celebraretur:
556 1333 762 1418 significante
793 1334 917 1400 scilicet
944 1336 1051 1420 prima
1079 1338 1130 1402 lit-

115 1424 186 1485 tera
208 1442 327 1486 nomen
350 1419 536 1505 Alexandri,
559 1422 698 1487 secunda
721 1445 797 1488 vero
821 1424 909 1509 regis
933 1445 972 1487 ex
997 1424 1129 1509 Graece,

116 1511 213 1575 tertia
236 1532 333 1594 porro
357 1512 499 1595 generis,
528 1515 645 1595 quarta
668 1511 766 1576 etiam
790 1511 892 1597 Iovis,
921 1512 1035 1596 quinta
1059 1536 1129 1579 sese

76 1620 102 1662 15
116 1598 241 1664 fecisse.
297 1597 349 1663 Sic
381 1601 468 1663 enim
501 1601 529 1663 si
563 1600 634 1684 quis
667 1600 764 1666 hasce
797 1601 938 1686 quinque
971 1603 1129 1669 orationis

115 1693 225 1770 partes
253 1689 459 1770 usurpaverit
482 1687 606 1754 Graeca
629 1690 756 1774 lingua,
784 1690 927 1756 inveniet
949 1690 1002 1755 his
1026 1694 1128 1756 nomi-

115 1776 211 1839 nibus
235 1797 272 1839 ao
296 1776 403 1841 verbis
423 1777 544 1862 primas
567 1778 628 1842 has
651 1779 777 1844 litteras
795 1778 895 1844 fuisse
916 1781 1129 1865 praepositas,

115 1864 200 1949 quod
218 1863 405 1931 Alexander
422 1866 492 1932 Rex
512 1866 622 1933 Genus
644 1865 731 1934 Iovis
750 1867 901 1933 Fecisset.
948 1866 1127 1952 Sepulchro
1145 1876 1178 1930 29

114 1955 222 2017 tamen
248 1954 398 2021 draconis
421 1957 510 2021 illius
532 1957 598 2021 iam
622 1957 779 2041 perfecto,
803 1979 875 2021 cum
898 1957 1006 2020 trabes
1032 1979 1127 2042 quae-

73 2040 203 2126 rodam,
232 2065 313 2126 quae
340 2045 381 2109 ad
404 2045 588 2130 ingressum
616 2044 684 2109 cius
713 2044 879 2109 columnas
906 2044 1128 2130 impresserat,

113 2151 190 2194 casu
209 2133 379 2214 repentino
404 2135 584 2198 conruisset
603 2132 870 2215 dissiluissetque,
894 2152 1015 2214 angues
1040 2155 1127 2198 oom-

111 2219 252 2302 plusculi
271 2220 414 2284 indidem
433 2221 601 2285 emersisse
621 2223 697 2284 sunt
715 2219 785 2300 visi,
804 2219 902 2302 hique
920 2219 1126 2305 reptabundi,

111 2311 210 2390 prout
229 2307 344 2392 cuique
364 2308 601 2383 adlabentium
621 2307 761 2391 impetus
775 2305 846 2389 fuit,
866 2307 1125 2372 constructarum

112 2395 266 2460 domuum
295 2396 476 2480 penetralia
503 2397 659 2460 invasere.
705 2393 797 2470 Quod
821 2414 893 2457 cum
915 2393 1023 2476 ipsum
1046 2417 1125 2479 quo-

72 2499 98 2542 25
113 2505 174 2568 que
193 2483 337 2549 terribile
356 2484 529 2549 admodum
549 2483 720 2567 videretur,
738 2503 804 2546 non
822 2484 1011 2547 cunctanter
1030 2486 1126 2550 arioli

111 2573 363 2656 pronuntiavere
390 2572 450 2637 bos
479 2594 606 2656 quoque
635 2573 808 2637 daemonas
833 2576 865 2636 et
888 2572 1053 2656 praesules
1078 2574 1125 2639 lo-

111 2682 222 2726 corum
255 2682 326 2726 esse
358 2660 570 2744 domibusque
602 2660 741 2745 singulis
776 2660 927 2726 colendos
965 2683 1024 2746 pro
1062 2663 1124 2727 diis

111 2750 285 2834 penatibus
309 2750 394 2814 tradi
418 2753 582 2834 oportere3
608 2751 740 2834 eiusque
764 2771 835 2814 mos
859 2750 941 2815 vivit
964 2755 997 2815 et
1021 2751 1125 2816 adhuc

110 2837 324 2903 Alexandriae
351 2839 522 2922 religiosus
550 2842 600 2902 est
628 2839 688 2903 sub
717 2839 884 2923 penatium
907 2839 1040 2904 deorum
1068 2840 1124 2905 ho·

70 2944 190 2992 sonore
215 2931 247 2992 et
270 2926 364 2992 statis
389 2926 501 2991 diebus
525 2929 636 2992 suetus
660 2928 725 2992 ooli
748 2950 837 2993 more
857 2928 1023 3011 religionis
1044 2930 1125 2994 eius-

111 3017 214 3081 modit
243 3017 410 3101 polentam
441 3037 480 3080 ex
509 3015 636 3098 tritico,
666 3016 752 3099 quod
783 3018 826 3082 sit
857 3018 926 3081 esui
954 3018 1125 3099 anguibus,

111 3106 250 3189 iaciunt,
284 3110 316 3170 et
348 3104 510 3170 coronatis
541 3103 749 3188 optimatium
781 3127 851 3170 mos
885 3109 935 3168 est
966 3105 1123 3186 templum

202 3279 318 3334 lvalde
336 3279 464 3334 miranda
482 3279 584 3333 Eberlr.
658 3278 750 3332 Asint
769 3279 804 3332 A.
831 3279 896 3331 sunt
914 3276 1015 3330 Eberb.

201 3350 249 3406 29.
279 3351 510 3406 9elimentorum
528 3350 564 3405 A.
652 3354 685 3402 1⁷
704 3349 810 3418 primas
828 3348 934 3416 scripsi.
964 3361 1067 3414 pronas
1088 3348 1124 3402 A.

111 3425 144 3472 18
164 3422 239 3488 quod
259 3425 287 3477 et
305 3423 341 3478 A.
427 3427 462 3476 20
481 3438 551 3489 qnae
570 3419 670 3475 Eberb.
700 3437 756 3488 qua
773 3419 809 3475 A.
846 3419 1002 3485 ingressum
1022 3416 1123 3496 Alberb.

109 3505 237 3558 gressum
259 3492 295 3547 A.
404 3498 438 3547 21
458 3492 697 3560 dissiluissentque
717 3494 752 3545 A.
861 3493 896 3543 24
915 3487 1068 3557 penitralra
1088 3490 1123 3544 A.

109 3565 144 3613 30
164 3561 245 3616 statis
265 3563 321 3619 Mr.
346 3563 462 3618 aestatis
482 3564 517 3618 A.
590 3568 624 3618 32
644 3562 792 3618 coronatos
810 3560 910 3614 Eberb.
