2362 3938
97 452 302 518 VLPIANI
324 453 521 531 RELIQVA
545 457 821 526 FRAGMENTA
845 463 1029 532 MINORA.

19 610 64 660 iss]
149 601 179 662 1.
207 597 355 676 ¹Ulpienus
375 602 444 660 libro
466 604 498 659 ad
518 603 634 661 edictum
657 616 734 662 sexto
758 607 807 663 sub
830 607 911 663 titulo
927 606 976 674 Qui
998 627 1047 682 pro

76 688 146 746 aliis
164 703 200 743 ne
215 686 359 761 postulent
373 689 412 744 sic
426 688 525 745 refert:
546 688 714 745 ‘inuenimus
730 690 801 764 apud
817 701 933 762 ueteres,
955 693 1049 750 mulie·

76 777 119 829 n's
137 770 326 845 appellatione
341 772 419 827 etiam
436 774 569 846 uirginem
585 773 740 830 contineri.'

149 851 180 912 2.
206 849 349 928 ²Ulpianus
372 857 400 911 in
422 854 491 911 libro
508 855 593 912 xlvi.
617 856 650 911 ad
673 856 855 914 edictumr‘Si
878 861 937 932 quis
958 862 1048 933 proxi·

80 942 160 996 mior
175 947 309 1012 cognatus
324 940 397 995 nasei
413 946 560 1013 speretur!

151 1019 182 1082 8.
199 1015 343 1096 ³Ulpianus
360 1030 448 1079 tamen
463 1023 495 1079 ad
507 1022 633 1079 Sabinum
649 1022 771 1079 laturum
787 1023 955 1082 ‘fruiturum’
973 1026 1048 1084 elisit.

163 1170 247 1222 ‘Liber
261 1173 291 1222 de
310 1173 388 1222 allicio
407 1171 580 1236 proconsulis’,
600 1175 640 1238 qui
659 1175 682 1223 in
701 1175 821 1223 veteribus
839 1175 975 1240 glossariis,
994 1186 1048 1240 post

80 1247 149 1295 alios
165 1260 177 1292 a
193 1243 218 1292 C.
235 1243 345 1292 Lahbaeo
365 1244 409 1292 sub
428 1244 496 1292 titulo
512 1241 616 1308 ‘Cyriili‚
636 1245 757 1293 Philoxeni
771 1245 923 1311 liliorumque
938 1247 1047 1297 Veterum

82 1316 214 1365 Glossaria
233 1313 421 1362 Latino-Graeca
441 1321 464 1362 et
484 1312 682 1364 Graeco-Latina’
704 1316 843 1379 compositis
863 1324 886 1365 et
901 1317 975 1366 Paris.
996 1331 1048 1370 1679

83 1387 161 1435 editis
180 1385 261 1433 statim
280 1384 310 1432 ab
330 1384 396 1432 initio
415 1385 514 1433 vocibus
529 1384 619 1434 Latinis
638 1386 840 1450 sequentibusque
856 1386 954 1436 Graecis
974 1389 1047 1437 inter-

83 1455 264 1520 pretationibus
284 1453 409 1518 aliquoties
427 1456 566 1504 interiectus
580 1455 679 1519 legitur,
698 1463 735 1505 est
754 1457 805 1506 siue
825 1457 896 1506 dubio
912 1458 1004 1522 Ulpiani
1020 1474 1048 1508 er

84 1526 194 1589 Digestis
214 1532 237 1573 et
256 1524 349 1573 aliunde
368 1526 507 1574 notissimus
526 1526 593 1574 liber.
632 1527 680 1575 Nec
700 1534 777 1576 tamen
798 1535 864 1577 certo
884 1538 997 1592 apparet,
1017 1530 1046 1578 sd

84 1611 148 1661 quas
163 1610 244 1654 voces,
263 1596 432 1644 antecedentes
451 1611 480 1645 an
499 1603 626 1660 sequentes
645 1604 668 1645 et
687 1604 743 1661 quot
762 1613 790 1646 er
809 1599 839 1646 iis
859 1599 920 1646 liber
939 1599 977 1646 ille
992 1613 1047 1662 per-

86 1671 172 1724 tineat,
192 1675 218 1715 ut
232 1666 288 1715 inde
306 1666 394 1728 petitae
410 1667 457 1715 dici
471 1667 571 1728 possint.
601 1667 650 1724 Quo
665 1683 719 1717 cum
734 1669 840 1726 accedat,
855 1674 880 1716 ut
895 1669 961 1731 ipsae
976 1683 1046 1718 voces

87 1737 346 1800 interpretationesque
362 1751 443 1786 earam
457 1737 584 1800 pleraeque
599 1752 681 1800 parum
702 1739 809 1787 utilitatis
828 1745 962 1802 praestent,
977 1740 1046 1788 omit·

87 1808 173 1856 tendas
189 1822 229 1856 eas
244 1807 307 1856 duxi.
336 1806 370 1856 lle
384 1808 444 1870 ipsis
463 1806 510 1856 illis
524 1808 647 1870 glossariis
661 1823 737 1872 nuper
752 1810 820 1858 docte
836 1809 964 1873 disputavit
978 1811 1004 1857 A.
1020 1811 1044 1858 F.

87 1878 224 1927 liudorlius.
245 1877 397 1929 Berol.1eea.
416 1889 437 1929 4.

163 2033 183 2103 ¹)
199 2036 285 2098 Haec,
300 2051 365 2100 quae
378 2043 532 2101 sequuntur,
547 2044 649 2095 extant,
665 2043 789 2101 corrupta
808 2043 904 2095 tamen,
924 2037 951 2086 in
970 2036 1045 2096 libro,

89 2109 135 2156 cui
148 2109 301 2171 inscriptum
315 2115 352 2156 est
372 2105 552 2172 ‘Spiciieyium
565 2107 722 2157 Solesrnense
738 2145 743 2157 .
759 2144 765 2156 .
782 2145 787 2157 .
803 2145 809 2156 .
826 2114 933 2158 curante
947 2107 1045 2158 Damno

89 2177 112 2226 I.
127 2177 157 2226 B.
173 2178 259 2227 Pitra.
283 2176 310 2225 Τ.
326 2176 348 2225 I.
365 2177 451 2228 Paris.
468 2175 539 2229 1852)
555 2194 583 2240 p.
599 2189 660 2235 282,
680 2178 764 2242 ibique
782 2178 932 2228 tribuuntur
952 2178 1046 2229 Pacati

90 2247 189 2298 libroI.
204 2249 330 2297 aduersas
341 2248 523 2313 Porphyrium.
549 2249 678 2306 Correxit,
692 2249 869 2313 diversamque
882 2250 950 2299 Ituna
964 2252 1046 2300 locum

90 2335 106 2366 a
121 2320 259 2375 consimili,
274 2320 319 2382 qai
333 2334 368 2367 ex
381 2318 424 2367 lib.
445 2318 505 2367 VII.
520 2319 556 2368 ad
569 2320 678 2368 edictum
693 2320 809 2382 refertur
823 2322 850 2368 in
865 2320 896 2368 L.
913 2333 938 2371 te
948 2336 991 2384 pr.
1012 2321 1044 2369 D.

89 2389 121 2438 tie
139 2389 208 2438 verb.
228 2390 296 2453 sipn.
317 2386 365 2453 (co,
386 2387 436 2454 ie),
456 2391 491 2438 ad
509 2404 553 2452 ea,
572 2404 638 2453 quae
661 2388 785 2452 Ulpianus
803 2389 835 2438 L.
849 2406 869 2441 1.
888 2392 911 2452 ἓ.
926 2401 946 2441 5.
967 2391 998 2439 D.
1014 2391 1045 2439 de

86 2462 180 2522 pastui.
197 2459 229 2524 (a,
245 2458 267 2522 1)
282 2466 386 2518 auocat,
397 2461 531 2523 periinere
546 2461 634 2510 docuit
648 2461 683 2517 ie,
697 2462 742 2523 qai
751 2461 854 2522 primas
868 2477 923 2510 eum
939 2463 965 2509 in
983 2460 1045 2510 Ger·

89 2533 175 2579 mania
190 2528 294 2592 publici
308 2530 375 2578 iuris
391 2531 469 2593 fecit,
483 2529 623 2595 Boeclciny.
639 2530 678 2579 ed.
698 2529 752 2592 lllp.
766 2531 861 2596 fragam.
877 2542 937 2584 1855.
953 2547 981 2595 p.
997 2543 1043 2582 tut.

91 2596 110 2665 ¹)
126 2600 211 2649 Extat
224 2600 297 2662 apud
311 2600 441 2650 Priscian.
456 2613 478 2658 a,
492 2611 526 2651 su.
536 2616 564 2664 p.
580 2612 619 2652 60⁷
635 2601 740 2649 Puiscir.
751 2616 779 2664 p.
794 2613 828 2653 ut.
843 2603 882 2651 ed.
897 2602 986 2650 Hertz.
1002 2602 1046 2651 nbi

88 2678 125 2720 eat
139 2677 289 2720 nasceretur.
320 2670 431 2720 Correan'
444 2687 478 2720 aa
492 2671 524 2720 L.
540 2684 559 2721 1.
579 2674 601 2732 ἓ.
617 2682 638 2721 a.
661 2671 693 2719 Ι).
709 2672 776 2720 unde
790 2687 863 2737 coqu.
882 2671 931 2735 (ee,
945 2672 981 2736 t),
1001 2671 1046 2722 abi

89 2743 189 2807 inteper
208 2743 283 2791 iocus
302 2742 404 2805 iegitur.
474 2738 495 2806 8)
514 2741 597 2791 Extat
614 2742 685 2805 apud
704 2742 834 2791 Priscian.
856 2754 894 2800 ιο,
914 2755 946 2794 ta.
962 2758 990 2806 p.
1005 2754 1045 2794 88³

89 2812 194 2864 Puteoli.
208 2828 234 2875 p.
246 2822 294 2863 506.
310 2811 349 2861 ed.
359 2812 449 2861 Hertz.
478 2812 577 2861 Vereor
586 2819 677 2870 tamen,
692 2828 723 2861 ne
738 2813 761 2861 is
775 2813 841 2862 lanc
852 2829 950 2877 quoque
960 2828 1044 2862 uocem

87 2891 184 2932 tantum
203 2898 239 2931 eac
258 2881 375 2946 Dipeatie
393 2879 434 2946 (L.
450 2894 483 2932 12.
507 2882 538 2930 Ι).
560 2883 642 2945 ususr.
663 2883 800 2946 quemadm.
820 2900 875 2933 cau.
891 2896 915 2942 l,
931 2896 950 2934 9.
972 2880 1042 2945 ‘lup

87 2953 128 3002 lib.
147 2951 259 3002 XVIII.
281 2952 317 3000 ad
334 2950 480 3017 Sabinam’)
498 2955 630 3011 sumserit,
647 2954 759 3016 perinde
777 2970 809 3003 ac
828 2949 927 3017 Lydus*
938 2954 1042 3009 similia,

86 3040 150 3088 quae
165 3040 200 3074 ea
215 3023 334 3086 antiquis
348 3024 529 3073 iureconsultis
543 3026 646 3087 allegat.

460 3256 669 3264 ———

134 3591 244 3625 ΠΙῙΙΡΙ.
261 3589 344 3620 Anxa.
359 3589 411 3621 nan.
429 3591 466 3621 ln.
491 3592 514 3622 V.
