2362 3938
103 175 193 228 XXVI
500 173 715 229 PRAEFATIO.

104 337 152 401 dri
176 336 218 400 M.
243 338 364 420 scripta
388 337 564 402 Vratislav.
589 338 689 419 1861,
718 337 879 402 Baehrens
902 337 936 400 in
960 336 1117 403 Fleckeis.

104 426 288 490 Annalibus
314 427 415 509 1872,
440 449 469 509 p.
485 426 559 506 636,
581 426 752 490 Eberhard
772 426 806 489 in
829 426 913 489 libro
939 426 978 489 ab
1004 428 1115 491 amicis

104 511 249 578 Orecelio
273 515 419 579 dedicato
443 515 564 578 Elberf.
590 515 689 596 1881,
718 514 928 579 7011000010
955 515 988 576 in
1018 515 1118 579 adno-

103 602 285 667 tationibus
315 604 349 665 in
378 603 496 666 Iulium
527 601 692 666 Valerium
723 604 841 665 criticis
872 602 990 666 Portae
1023 605 1119 686 1882,

104 691 319 773 Lundprufrus
335 693 369 754 in
386 691 482 755 docta
496 691 722 754 dissertatione
737 689 848 755 Diario
865 688 1119 772 Gymnasiorum

106 780 351 844 Austriacorum
382 779 504 843 inserta
535 779 637 862 1882,
668 801 698 861 p.
717 780 783 843 433
799 800 860 862 sq.,
890 779 1054 861 Bopsenus
1085 781 1119 842 in

105 869 279 952 Philologo
297 868 389 948 1883,
403 890 433 952 p.
447 868 521 950 308,
535 866 658 932 Rdascle
672 868 707 930 in
721 867 810 932 Diar.
825 867 940 950 Gymn.
957 869 1119 932 Austriac.

63 1029 65 1032 y
106 957 207 1036 1883,
238 979 267 1039 p.
288 957 351 1021 896
373 978 432 1039 sq.,
460 956 530 1039 ipse
557 955 592 1017 in
615 955 755 1020 Hermae
780 955 1000 1020 Berolinensis
1026 961 1117 1020 tomo

104 1044 201 1108 XXII
227 1041 352 1130 (1887).
403 1043 524 1108 Multas
556 1044 797 1109 emendationes
827 1044 859 1107 in
888 1066 982 1108 usum
1011 1066 1118 1108 meum

105 1134 313 1197 contulerunt
336 1133 449 1197 11110110
470 1133 545 1197 Keil
568 1135 601 1194 et
623 1132 804 1197 Friderr'cus
827 1132 937 1214 801100,
962 1134 1017 1215 qui
1042 1135 1119 1196 ami-

106 1220 227 1284 cissimi
243 1221 276 1284 in
291 1221 434 1304 plagulis
450 1243 576 1304 quoque
592 1220 791 1305 corrigendis
808 1227 970 1284 strenuam
986 1243 1118 1304 operam

106 1309 184 1372 mihi
209 1310 448 1392 praestiterunt.

504 1504 717 1512 --------

199 1716 314 1779 Arldidi
330 1715 413 1779 Iulio
425 1713 557 1780 Valerio
573 1713 811 1781 collationem
826 1712 1024 1781 Alexandri
1039 1731 1120 1778 cum

107 1803 289 1886 Dindimo‚
314 1820 397 1884 rege
416 1803 714 1886 Bragmanorum,
738 1820 802 1886 per
823 1803 968 1868 litteras
987 1801 1120 1866 factam

108 1901 141 1957 01
155 1893 358 1976 Epistulam
372 1890 571 1959 Alexandri
585 1892 628 1956 ad
640 1890 888 1975 Aristotelem,
904 1891 1121 1971 magistrum

109 1998 227 2064 suum,
248 1981 290 2045 dc
309 1981 441 2046 itinero
461 1997 525 2047 suo
544 1980 581 2045 et
599 1979 641 2044 de
661 1980 737 2046 situ
755 1980 892 2063 Indiae,
913 2003 976 2064 quo
995 1981 1121 2045 facilior

109 2071 217 2134 aditus
235 2071 411 2153 philologis
429 2074 556 2152 pateret
579 2069 619 2133 ad
641 2070 721 2133 haec
743 2071 874 2154 scripta,
896 2080 1032 2151 quorum
1058 2069 1121 2132 edi·

110 2159 215 2220 tiones
243 2179 335 2220 rarae
365 2161 448 2220 sunt.
495 2157 558 2240 Ea,
586 2157 669 2219 sicut
695 2155 816 2218 Iulium
842 2156 1021 2236 Valerium,
1050 2156 1122 2238 ipsa

109 2266 235 2326 quoque
260 2267 298 2306 ex
320 2243 410 2307 fonte
431 2243 554 2308 Graeco
573 2244 733 2306 translata
752 2265 832 2325 esse,
855 2247 1026 2326 propterea
1046 2264 1121 2304 con-

108 2332 184 2413 ieci,
215 2332 298 2414 quod
331 2332 363 2392 in
395 2331 503 2396 codice
532 2331 767 2414 Bambergensi
796 2331 834 2395 u.
862 2330 919 2406 111.
945 2331 987 2393 14
1018 2331 1120 2392 altera

109 2441 220 2482 eorum
251 2419 358 2483 forma
387 2418 521 2500 Latina,
555 2419 683 2482 saeculo
714 2418 744 2482 X
775 2419 810 2481 in
840 2417 1018 2500 Campania
1049 2425 1121 2482 orta

108 2511 326 2588 conservatur,
351 2507 537 2590 quaequod
561 2507 601 2571 ad
622 2529 673 2571 res
694 2510 828 2592 spectat,
850 2507 915 2571 illis
935 2507 1121 2590 persimilis

108 2596 215 2660 verbis
246 2595 340 2659 valde
371 2596 411 2658 ab
444 2597 489 2658 eis
521 2595 725 2678 discrepanS,
754 2597 844 2660 nullo
875 2595 970 2659 modo
1002 2596 1042 2657 ab
1075 2595 1120 2658 eis

108 2683 246 2767 pendere
278 2685 395 2766 potest.
451 2682 499 2747 De
531 2684 592 2746 hac
624 2705 659 2746 re
692 2684 853 2767 copiosius
886 2684 938 2768 egi
970 2684 1003 2746 in
1031 2682 1120 2746 Voll-

110 2772 255 2837 moelleri
280 2771 401 2834 Studiis
425 2771 582 2834 Romanis
606 2769 718 2856 (1888,
741 2794 771 2855 p.
789 2773 854 2837 203
869 2773 944 2858 sq.)‚
972 2772 1027 2834 ubi
1056 2773 1120 2853 epi-

110 2862 211 2925 stolas
236 2883 252 2923 0
276 2859 383 2923 codice
407 2860 642 2943 Bambergensi
666 2860 760 2923 edidi.

200 3038 307 3121 Atque
338 3038 377 3100 ad
408 3035 624 3101 Collationem
655 3036 833 3100 Alexandri
864 3058 935 3101 cum
967 3036 1121 3101 Dindimo

111 3127 339 3191 recensendam
363 3126 581 3189 instrumenta
608 3124 707 3204 mihi,
715 3129 846 3208 praesto
869 3125 1001 3190 fuerunt
1028 3125 1122 3187 haec:

141 3253 178 3315 L.
203 3282 244 3304 =
270 3248 397 3316 (lodex
427 3250 635 3314 Leidensis.
687 3248 748 3313 ΜΒ.
777 3250 833 3315 lat.
864 3250 975 3314 Vossii
1008 3248 1043 3323 Q.
1070 3249 1121 3311 20.

270 3340 403 3403 membr.
428 3361 509 3403 saec.
532 3337 597 3421 IX,
620 3338 830 3424 neglegenter
854 3339 1005 3421 scriptus.

142 3427 180 3492 P.
206 3459 247 3479 =
272 3426 397 3492 Codex
425 3427 626 3491 Parisinus
655 3426 725 3490 Lat.
755 3426 872 3491 17569.
909 3427 1043 3490 membr.
1078 3423 1122 3488 4⁰.

270 3536 350 3579 saec.
373 3514 446 3579 Xll.
470 3515 594 3579 duabus
618 3515 777 3579 columnis
801 3515 951 3597 scriptus.
