2376 3938
348 183 640 267 ARGONAUTICON
658 194 768 250 LIBER
786 198 807 252 l.

156 344 224 404 Mox
246 345 329 405 taciti
351 350 475 422 patuere
498 342 557 403 doli
580 360 636 404 nec
658 343 772 405 uellera
794 363 883 422 curae

67 451 133 494 esse
156 435 237 513 uiro,
262 432 314 494 sed
333 449 399 493 sese
423 431 498 492 odiis
521 434 660 492 immania
680 435 745 511 cogi

66 526 97 583 in
117 523 201 583 freta.
240 539 298 600 qua
320 522 418 581 iussos
442 513 580 581 scrutans
603 528 667 580 turn
691 539 835 600 quaerere
860 520 987 583 Colchos

66 620 137 672 arte*
154 617 256 693 queat,
279 627 359 670 nunc
383 611 455 668 aerii
477 609 621 690 plantaria
645 609 736 670 uellet

66 700 193 761 Perseos
217 706 268 760 aut
291 716 399 759 currus
423 705 453 757 et
476 715 552 777 quos
575 698 709 759 frenasse
732 697 877 781 dracones

67 788 214 869 creditur,
236 791 354 866 ignaras
379 785 497 846 Cereris
516 788 568 865 qui
590 804 714 847 uomere
737 794 833 848 terras

66 875 174 937 imbuit
197 884 227 937 et
249 875 325 937 flaua
349 893 494 955 quercum
517 875 669 936 damnauit
692 877 791 936 arista.

66 964 125 1025 heu
149 964 220 1045 quid
244 959 332 1043 agat?
353 963 536 1044 populumne
559 963 658 1025 leuem
680 966 838 1042 ueterique
857 971 982 1043 tyranno

65 1054 217 1114 insensum
239 1053 335 1132 adque
360 1052 430 1112 olim
452 1053 629 1113 miserantes
652 1053 768 1112 Aesona
789 1059 890 1132 patres

67 1136 215 1203 aduocat?
238 1160 276 1201 au
294 1142 374 1202 socia
396 1141 509 1202 lunone
533 1147 563 1201 et
586 1141 703 1202 Pallade
728 1142 823 1202 lretus

66 1231 214 1291 armisona
238 1236 338 1310 speret
360 1231 454 1308 magis
478 1237 508 1289 et
531 1230 606 1291 ireta
629 1231 710 1294 iussa
733 1238 877 1311 capessat,

65 1321 151 1399 siqua
174 1321 273 1397 operis
297 1321 372 1379 tanti
395 1317 506 1379 domito
530 1336 712 1396 consurgere
735 1325 827 1398 ponto

65 1408 142 1467 fama
166 1401 278 1486 queat?
300 1416 333 1468 tu
357 1405 419 1466 sola
443 1409 556 1467 animos
579 1414 755 1486 mentesque
778 1408 907 1486 peruris,

66 1494 177 1557 Gloria!
200 1503 231 1557 te
254 1494 383 1557 uiridem
405 1495 488 1555 uidet
510 1497 732 1574 immunemque
757 1503 893 1555 senectae

64 1578 200 1645 Phasidis
222 1587 254 1644 in
277 1586 342 1663 ripa
365 1590 492 1643 stantem
515 1586 701 1663 iuuenesque
724 1590 890 1644 uocantem.
962 1629 965 1636 .

65 1672 185 1733 tandem
207 1674 297 1733 animi
319 1675 471 1733 incertum
494 1673 677 1751 confusaque
699 1680 822 1753 pectora
844 1672 943 1733 lirmat

65 1760 194 1841 relligio,
216 1760 404 1840 tendensque
426 1763 490 1841 pias
514 1762 550 1823 ad
573 1762 672 1823 sidera
693 1761 821 1841 palmas·

68 1845 266 1929 ‘omnipotens
289 1843 411 1931 regina',
433 1851 539 1931 inquit,
561 1844 672 1930 ‘quam,
695 1849 833 1911 turbidus
856 1856 921 1910 atro
1031 1924 1034 1929 Ι

65 1937 185 1998 aethere
208 1937 379 2000 caeruleum
402 1946 540 2015 quateret
562 1955 631 2000 cum
653 1938 787 2018 luppiter
810 1936 946 2020 imbrem,

64 2027 128 2105 ipsc
152 2044 206 2105 ego
229 2027 386 2107 praecipiti
362 2027 556 2088 ttumidum
578 2045 633 2106 per
655 2025 769 2130 Enipea
791 2025 892 2088 nimbo

64 2116 95 2174 in
120 2132 238 2194 campos
263 2114 327 2176 ιιι
314 2121 379 2175 tuta
402 2115 457 2175 tuli
480 2133 536 2176 nec
560 2114 684 2176 credere
709 2117 793 2195 quiui

65 2210 132 2262 ante
157 2203 255 2293 deam,
278 2220 383 2283 quam
382 2211 418 2263 te
443 2207 557 2264 tonitru
580 2212 715 2283 nutuque
739 2205 859 2283 reposci

64 2293 200 2371 coniugis
224 2299 254 2351 et
277 2291 376 2352 subita
397 2298 513 2371 raptam
536 2292 693 2353 formidine
717 2292 789 2374 uidi,

64 2380 101 2440 da
127 2378 275 2458 Scythiam
298 2380 476 2460 Phasimque
501 2380 585 2441 mihi·
577 2389 714 2462 „tuqne
738 2379 849 2441 innuba
871 2379 975 2463 Pallas,

63 2468 146 2547 eripe
170 2485 226 2528 me.
272 2476 340 2530 uest
341 2469 384 2528 ris
407 2478 525 2549 egomet
512 2477 612 2532 ttum
634 2470 781 2531 uellerat
769 2467 888 2549 templis

62 2557 111 2616 illa
135 2556 224 2637 dab03
248 2556 329 2618 dabit
316 2560 464 2618 tauratis
488 2566 518 2618 et
540 2557 746 2619 cornibust
704 2566 746 2619 rct
746 2577 768 2618 u

63 2643 137 2705 colla
160 2653 245 2724 pater
268 2647 408 2725 niueique
433 2664 556 2726 greges
562 2647 664 2707 altaria
687 2641 819 2726 tingent’
1042 2660 1076 2710 90
1152 2674 1158 2683 ·

152 2733 301 2813 Accepere
326 2733 397 2794 deae
422 2735 571 2813 celerique
594 2754 649 2814 per
673 2735 793 2796 aethera
815 2733 900 2814 lapsu

63 2821 198 2882 diuersas
220 2823 334 2902 petiere
358 2825 431 2883 uias.
476 2825 508 2883 in
532 2825 648 2884 moenia
670 2826 776 2904 pernix

63 2908 227 2989 Thespiaca
246 2909 282 2970 ad
306 2929 409 2972 carum
432 2911 566 2972 Tritonia
589 2911 708 2972 deuolat
730 2912 849 2990 Argum.

62 2997 160 3057 moliri
183 2998 263 3078 burm
286 3018 417 3078 puppem
439 2999 523 3061 iubet
546 3007 576 3060 et
599 3001 755 3061 demittere
774 3000 854 3059 ferro
905 3002 908 3008 ’

62 3085 183 3168 robora,
206 3086 337 3147 Peliacas
361 3096 391 3148 et
412 3091 471 3148 iarn
495 3107 595 3149 comes
618 3091 679 3149 exit
701 3091 732 3148 in
755 3087 884 3149 umbras
1043 3100 1077 3149 95
1133 3146 1136 3150 .

61 3182 91 3235 at
113 3174 188 3234 luno
211 3175 362 3254 Argolicas
384 3178 496 3256 pariter
519 3177 725 3256 Macetumque
748 3195 803 3256 per
826 3176 917 3237 urbes

61 3265 174 3342 spargit
196 3265 368 3345 inexpertos
390 3272 536 3345 temptare
559 3265 733 3345 parentibus
757 3273 875 3326 austros

60 3351 244 3434 Aesoniden,
266 3354 326 3413 iam
349 3362 429 3414 stare
452 3362 547 3415 ratem
570 3357 721 3434 remisque
745 3353 904 3432 superbam

59 3457 185 3518 poscere
209 3459 344 3521 quosque
367 3442 629 3522 uehat-rebusque
652 3445 684 3503 in
708 3442 805 3503 sidera
828 3442 919 3503 tollat.

150 3528 253 3590 Omnis
277 3531 360 3592 adest
383 3549 458 3610 quae
481 3533 540 3594 iam
562 3531 650 3594 bellis
674 3539 874 3612 spectataque
893 3530 984 3588 lama
1036 3536 1098 3581 ιιι

853 3630 889 3683 x!
