2362 3938
420 194 538 251 ORTUS
556 193 780 253 ALEXANDRI.
1061 195 1104 262 35

84 359 235 424 dentium
255 358 303 422 iro
323 359 489 442 aliquanto
505 357 703 423 contractius
723 358 801 423 sivit
816 358 957 424 ambitus
977 359 1104 426 lineam.

84 447 196 525 Quare
224 446 405 513 facesseret
426 447 690 533 magnificentiae
719 447 826 512 animo
855 449 1105 531 contemplatae.

84 535 345 620 longitudinem
356 534 485 620 quidem
494 533 568 600 urbi
578 538 732 620 procurat
742 535 782 600 ab
794 556 831 600 eo
842 535 923 619 loce,
935 537 986 600 cui
996 535 1104 603 Draco

83 646 209 691 nomen
232 627 343 689 est-
365 627 416 688 est
438 626 545 689 autem
568 645 644 708 pars
668 623 846 709 supradicti
870 622 1036 708 Taposiris
1063 663 1102 671 -

83 735 189 799 usque
206 712 246 778 ad
261 713 378 797 locum3
398 713 449 777 cui
463 710 774 795 Agathudaemonos
789 712 967 797 appellatio
985 716 1131 780 manete

83 801 271 867 Latitudini
295 823 371 867 vero
397 801 547 886 indulget
575 823 594 864 a
622 799 755 884 Canopo
786 823 886 886 usque
917 799 957 866 ad
987 802 1105 886 locum,

84 892 141 976 qui
170 890 352 973 Eurylochi
380 891 432 955 vel
459 888 677 953 Melanthium
706 889 833 956 dicitur.
878 889 974 954 Iubet
1001 891 1104 975 igitur

84 1000 210 1062 omnes,
235 979 354 1063 quique
377 1000 434 1062 per
457 977 617 1042 ambitum
635 999 737 1062 usque
761 978 801 1042 ad
820 977 960 1062 lapidem
980 980 1103 1044 tricesi-

84 1091 176 1133 mum
200 1069 392 1147 coluissent,
415 1067 585 1131 universos
609 1067 722 1132 eodem
745 1069 958 1152 commigrare
983 1070 1103 1133 locum·

85 1180 146 1242 que
171 1177 317 1240 omnem,
339 1155 423 1220 unde
448 1154 489 1219 ad
514 1154 669 1240 oppidum
694 1156 932 1242 convenissent,
955 1177 1032 1222 suae
1057 1156 1132 1221 di·1=

84 1245 173 1310 cioui
196 1245 329 1310 servire.
369 1243 416 1308 Elt
432 1243 513 1309 haec
533 1242 663 1326 quidem
683 1265 780 1328 super
799 1245 904 1328 spatio
923 1246 1014 1311 urbis
1035 1245 1104 1312 eius

85 1355 274 1399 acc11mus.

153 1357 236 1487 p2b.
265 1420 431 1485 Adhibitis
454 1423 563 1484 tamen
586 1441 643 1484 rex
667 1421 868 1506 architectis,
892 1423 946 1506 qui
970 1445 1009 1487 ex
1033 1427 1132 1487 artei

83 1511 213 1576 nobiles
244 1515 277 1575 et
306 1509 535 1574 celebratiores
558 1509 778 1595 habebantur,
806 1513 844 1574 ut
867 1508 1037 1576 Cleomene
1064 1511 1103 1575 de

83 1599 252 1665 Naucrate
279 1602 313 1662 et
335 1598 490 1682 Olynthio
514 1594 663 1681 Cratero,
690 1597 819 1665 Herone
848 1599 946 1664 etiam
969 1597 1102 1684 Libyco,
1117 1621 1132 1660 s

84 1689 139 1772 qui
164 1709 240 1752 cum
263 1686 365 1752 fratre
388 1685 583 1771 Hyponomo
608 1689 687 1772 erat,
711 1687 837 1772 accepit
860 1708 955 1751 omne
978 1686 1104 1770 magni-

83 1776 233 1841 ficentiae
257 1776 391 1840 huiusce
415 1778 660 1839 monumentum
687 1776 720 1840 in
751 1797 789 1840 eo
811 1796 908 1858 posse
931 1779 1003 1839 tuto
1027 1797 1102 1841 con-

83 1866 217 1943 sistere,
249 1864 278 1929 si
308 1868 406 1929 antea
437 1885 533 1947 quam
564 1863 777 1928 fundamenta
806 1862 880 1928 urbi
909 1863 1101 1944 iacerentur,

83 1954 315 2018 subductiones
332 1973 432 2036 aquae
447 1953 735 2036 purgamentisque
750 1952 883 2036 reliquis
896 1956 1102 2037 procuraret3

83 2042 203 2126 quibus
222 2041 344 2127 iugiter
363 2041 485 2105 ablutis
505 2040 722 2125 derivatisque
747 2043 844 2125 atqua
867 2040 902 2104 in
920 2062 1009 2104 mare
1028 2062 1099 2125 per·
1114 2063 1132 2103 a

82 2135 181 2214 petuo
207 2129 428 2194 dilabentibus
451 2150 555 2212 neque
583 2129 738 2194 aedificiis
760 2129 935 2212 perniciem
959 2129 1100 2214 aliquam

82 2240 308 2283 remansuram
340 2221 372 2282 et
403 2218 442 2282 ab
473 2217 580 2302 hisce,
613 2240 695 2302 quae
728 2218 923 2283 intervenire
953 2240 1100 2284 conrum-

81 2307 188 2391 pendo
218 2307 286 2372 siri
315 2307 455 2390 soleant,
482 2306 654 2391 purgatius
679 2306 834 2390 oppidum
856 2307 936 2374 fore.
982 2307 1098 2374 Elabo-

81 2397 162 2461 ratis
186 2396 290 2480 igitur
312 2395 364 2460 his
388 2394 522 2478 cloacis,
546 2395 663 2480 quibus
684 2395 772 2460 haud
795 2395 890 2461 facile
914 2397 1099 2480 capaciores

170 2575 187 2623 2
207 2569 359 2624 facesseret
376 2584 444 2624 corr.
464 2584 498 2623 aa
515 2567 681 2622 facesserari
695 2571 731 2624 A.
762 2571 970 2640 contemplatae
987 2571 1095 2651 scripsi.

82 2641 261 2708 contemptat
270 2639 305 2697 A.
344 2655 429 2707 qnare
443 2637 637 2694 lacessendum
650 2641 729 2695 ratus
744 2657 761 2694 a
775 2640 986 2710 magnificentia
1001 2657 1095 2696 ammo

81 2713 217 2766 contenta
235 2712 287 2778 (oei
305 2710 464 2779 concepta),
488 2708 695 2780 longitudinem
713 2715 761 2766 etc.
780 2712 853 2767 Mai.
890 2729 975 2780 quare
993 2711 1096 2766 faciem

80 2783 259 2836 desideratae
279 2779 506 2850 magnificentiae
525 2779 619 2835 animo
638 2785 831 2852 contemperat
851 2781 947 2854 Geyer.
1008 2789 1026 2836 4
1043 2782 1095 2838 Tu·

79 2851 154 2921 poris
173 2852 210 2907 A.
258 2851 441 2920 bindulgent
459 2851 528 2907 Ar.
576 2852 776 2908 'iMclantium
794 2860 821 2908 Τ.
849 2852 1040 2909 Melanchium
1057 2854 1094 2908 A.

80 2929 112 2978 10
131 2924 244 2978 dicione
263 2929 291 2976 Τ.
320 2922 436 2976 editioni
454 2922 488 2976 A,

168 2993 219 3049 26.
247 2999 280 3048 13
300 2993 461 3048 architectis
479 3001 506 3047 s.
533 2991 767 3050 architectoribus
781 2994 816 3049 A.
874 2992 1094 3048 ui-habeban-

78 3070 123 3119 tur
143 3068 178 3119 A.
208 3063 536 3132 quisque-habebatur
553 3070 579 3118 Τ.
655 3071 687 3119 15
708 3064 842 3134 Olynthio
884 3065 977 3118 ratero
995 3063 1096 3131 scripsi

79 3153 138 3191 cum
164 3136 308 3190 Muellero.
360 3134 468 3202 olyntio
494 3135 610 3190 erutheo
635 3142 662 3191 Τ.
715 3134 849 3204 Olynthio
875 3137 904 3188 et
928 3133 1032 3186 Erateo
1057 3133 1093 3186 A.

78 3207 183 3276 Libyco
202 3207 311 3275 scripsi.
336 3204 398 3260 libii
412 3205 447 3259 A.
470 3204 523 3260 libi
541 3212 568 3260 Τ,
643 3212 676 3261 16
695 3207 830 3275 Ipomono
845 3211 872 3258 Τ.
896 3203 1039 3272 Eponemo
1057 3202 1094 3255 A.

78 3296 189 3333 omnem
208 3278 245 3333 A.
292 3282 324 3331 17
344 3276 498 3331 consistere
518 3278 553 3330 A.
579 3276 749 3331 constituere
767 3282 795 3330 T.
844 3281 876 3329 18
896 3276 1044 3340 antequam
1065 3279 1092 3326 τ.

79 3356 110 3403 19
128 3348 249 3418 reliquis
273 3348 381 3417 scripsi.
414 3345 548 3415 reliquias
566 3349 635 3401 M.
667 3345 786 3401 residuis
807 3345 903 3416 Geyer.
935 3342 1094 3411 relinquen·

77 3422 124 3474 das
149 3421 224 3476 Mai.
314 3423 347 3472 20
371 3417 560 3486 derivatisque
584 3425 612 3472 T.
641 3417 825 3485 dirivatisque
848 3416 884 3470 A.
973 3420 1007 3470 23
1029 3433 1094 3485 pur-

77 3491 170 3560 gatius
198 3492 235 3546 A.
263 3491 426 3559 ,purgatum
451 3495 478 3543 Τ.
559 3495 594 3544 24
619 3487 781 3557 capaciores
806 3486 866 3543 ulla
890 3494 918 3544 Τ.
955 3487 1094 3558 captiores

76 3562 124 3619 illa
141 3565 179 3619 A.

897 3648 934 3704 3*
