2362 3938
122 219 167 284 82
462 219 493 276 0.
511 219 650 275 vnnnni
666 219 797 276 nnncci

122 373 187 451 ipse
211 377 312 430 truces
335 368 394 429 illic
418 367 543 429 Colchos
565 368 740 447 hostemque
763 366 892 427 iuuahis'

124 457 249 519 auxiliis.
295 475 351 518 nec
373 456 459 536 plura
483 455 621 534 equidem
643 455 814 516 discrimina
838 473 938 517 cerno.

123 546 188 607 iors
211 548 301 606 etiam
323 552 454 624 optatam
476 543 595 605 dabitur
617 546 790 623 contingere
814 543 931 622 pellem.
1089 556 1140 608 oto

127 634 180 695 sed
199 642 228 694 te
252 652 312 695 non
335 635 442 693 animis
464 650 520 692 nec
544 632 614 693 solis
637 631 754 692 uiribus
778 649 904 710 aequom

125 723 263 803 credere3
286 740 373 801 saepe
397 722 459 781 acri
481 723 580 798 potior
602 719 761 798 prudentia
784 720 899 781 dextra.

125 829 216 891 quam
238 810 341 871 tulerit
363 809 451 890 deus,
474 811 572 887 arripe
595 826 690 886 opem.
736 810 854 887 iamque
878 807 983 869 ultima
1005 809 1093 871 nobis

123 917 263 980 promere
287 899 345 958 lata
368 898 465 976 nelas3
489 898 576 956 sinite
600 915 631 977 o,
654 892 783 974 precor?
807 896 903 976 adque
927 899 968 957 ita
992 897 1071 959 laeto

125 989 184 1049 line
207 987 289 1047 dedit
311 988 409 1047 tacitis
431 987 542 1046 iterum
564 1002 708 1063 responsa
730 983 872 1045 tenebris.
1089 997 1141 1049 666

170 1075 247 1135 Tum
270 1073 367 1134 subita
390 1073 504 1134 resides
527 1074 624 1132 socios
647 1073 804 1132 formidine
827 1071 913 1133 lason

122 1164 303 1244 praecipitat
325 1163 496 1239 rumpitque
519 1179 618 1220 moras
641 1168 819 1240 tempusque
843 1159 976 1221 timendi.
1063 1168 1072 1180 “

124 1253 189 1331 ipse
212 1252 295 1310 uiros
319 1248 457 1327 gradiens
479 1248 515 1307 ad
538 1251 627 1326 primi
649 1248 746 1309 litoris
769 1247 878 1309 undam

124 1339 318 1418 prosequitur
341 1335 481 1396 Phineus.
527 1331 684 1414 ‘quaenam
707 1336 761 1396 tibi
783 1331 926 1415 praemia’
950 1336 1025 1397 dixit

127 1423 225 1508 ‘quas,
248 1425 341 1486 decus
364 1443 381 1485 o
404 1423 531 1507 Boreae,
553 1426 665 1504 possim
688 1424 861 1502 persoluere
885 1421 1008 1503 grates?
1090 1438 1142 1486 660

125 1533 174 1577 me
197 1514 330 1594 Pangaea
354 1531 445 1592 super
468 1531 574 1574 rursus
597 1515 665 1592 iuga
687 1531 794 1592 meque
817 1520 940 1591 paterna

127 1612 206 1664 stare
230 1604 308 1684 Tyro
332 1601 494 1680 dulcesque
518 1604 628 1662 iterum
650 1600 723 1661 mihi
745 1619 869 1680 surgere
893 1600 972 1661 soles

126 1710 206 1753 urano
230 1709 307 1751 reor.
354 1697 642 1768 exactae-uerumne
666 1688 765 1750 abiere
789 1685 951 1750 uolucres?

127 1798 183 1840 nec
206 1787 338 1839 metuam
360 1786 500 1856 tutaeque
525 1773 637 1857 dapes?
660 1778 727 1838 date
751 1785 872 1857 tangere
895 1777 1009 1859 uultus,

126 1868 196 1928 dem
218 1869 306 1928 sinite
330 1867 495 1948 amplexus,
517 1869 700 1945 propiusque
724 1865 854 1926 accedite
879 1861 1022 1927 dextrae?
1090 1876 1140 1926 636

127 1955 250 2016 dixerat.
295 1955 459 2016 abscedunt
482 1957 571 2014 terris
590 1962 621 2015 et
642 1953 729 2014 litora
752 1953 891 2015 condunt.

172 2043 317 2105 Omnibus
342 2042 488 2121 extemplo
513 2061 602 2103 saeua
624 2042 679 2102 suh
703 2044 830 2121 imagine
854 2060 945 2121 rupes

128 2132 260 2212 Cyaneae
282 2134 464 2211 propiorque
488 2130 584 2213 labor,‘
607 2129 724 2210 quando
748 2131 848 2191 adfore
873 2148 991 2208 quaque

125 2229 211 2300 parte
234 2226 355 2300 putent3
378 2227 458 2280 stant
481 2237 532 2278 ora
555 2227 638 2280 metu
660 2239 716 2279 nec
739 2221 816 2278 sessa
841 2218 988 2279 recedunt

121 2307 238 2368 lumina
261 2308 395 2368 diuersas
415 2311 529 2369 circum
548 2307 737 2368 sernentibus
761 2306 865 2387 undas,
1091 2318 1145 2369 640

129 2414 198 2456 cum
220 2396 327 2474 procul
349 2396 442 2457 auditi
466 2398 580 2456 sonitus
603 2398 765 2473 insanaque
789 2412 865 2455 saxa.

128 2501 196 2542 saxa
220 2501 317 2561 neque
341 2484 390 2544 illa
413 2486 500 2564 uiris,
524 2484 575 2544 sed
599 2486 791 2562 praecipitata
814 2482 962 2563 profundo

128 2569 237 2631 siderei
259 2590 328 2650 pars
351 2575 416 2632 uisa
437 2571 506 2651 poli.
548 2572 678 2651 dumque
702 2573 785 2632 ocius
808 2574 929 2653 instant,

127 2659 208 2719 ferre
231 2659 331 2738 fugam
354 2662 445 2720 maria
469 2666 536 2719 ante
559 2667 666 2741 ratem,
689 2663 781 2719 maria
803 2662 867 2738 ipsa
889 2667 1013 2737 repente

128 2747 256 2807 deiicere
280 2748 482 2825 aduersosque
501 2747 605 2808 uident
627 2747 781 2809 discedere
800 2755 929 2827 moutes3
964 2763 967 2769 ·
1092 2759 1146 2808 646

128 2835 265 2897 omnibus
289 2842 319 2896 et
341 2834 436 2916 gelida
459 2835 533 2915 lapsi
555 2836 712 2897 formidine
736 2839 819 2897 remi.
1123 2837 1127 2843 ’

128 2926 192 3004 ipse
215 2943 270 3004 per
293 2943 374 2984 arma
397 2923 501 2984 uolans
525 2933 555 2985 et
577 2944 632 3004 per
655 2927 723 3004 iuga
747 2943 861 2986 summa
884 2925 1003 2984 carinae

128 3012 264 3073 hortatur
288 3013 472 3092 supplexque
495 3032 600 3075 manus
623 3014 750 3075 intendit
773 3015 858 3074 lason

9 3128 13 3136 ·
127 3103 248 3160 nomine
276 3119 425 3181 quemque
451 3121 600 3181 premens.
646 3098 710 3162 ‘ubi
737 3121 817 3164 nunc
845 3103 991 3182 promissa
1014 3100 1146 3182 superba

126 3189 324 3268 ingentesque
348 3193 458 3271 minae,
481 3208 599 3252 meeum
622 3190 731 3270 quibus
754 3194 811 3252 ista
834 3185 952 3252 secuti?
1092 3199 1147 3252 660

127 3275 208 3336 idem
230 3278 332 3356 Amyci
355 3286 437 3339 certe
461 3281 526 3338 uiso
551 3282 640 3340 timor
663 3279 800 3340 omnihus
824 3287 909 3340 antro

126 3379 235 3425 caecus
260 3372 335 3445 erat3
360 3369 496 3427 stetimus
520 3374 618 3427 tamen
642 3374 672 3426 et
695 3368 771 3427 deus
792 3367 885 3427 adluit
908 3369 995 3427 ausis.

128 3453 201 3529 quin
223 3454 334 3512 iterum
356 3454 436 3514 idem
459 3454 554 3514 aderit
577 3462 659 3514 certo
683 3449 778 3514 deus'
822 3452 895 3512 haec
918 3453 970 3514 ubi
993 3453 1082 3535 fatus,

123 3540 252 3622 corripit
275 3538 384 3601 abiecti
406 3558 582 3627 remumque
605 3541 762 3619 locumque
785 3539 903 3601 Phaleri
