2376 3938
330 230 622 289 ARGONAUTIGON
640 233 749 288 LIBER
766 235 801 290 H.
1032 238 1075 302 27
1143 280 1145 285 2

56 384 116 442 iam
140 380 231 461 eadit,
255 382 331 440 irato
354 382 413 441 iam
436 382 543 443 stridet
565 385 596 442 in
620 401 749 461 aequore
772 378 926 468 Perseus),

56 471 109 531 sed
132 470 205 530 mihi
228 470 302 551 dux,
326 472 429 530 uetitis
453 473 504 549 qui
528 490 690 551 numquam
713 472 851 533 conditus
874 474 963 535 randis

56 577 110 619 axe
133 560 210 618 nitet
233 576 357 638 serpens
381 567 580 639 septenosque
603 560 735 640 implicat
757 557 862 640 ignes?
1037 574 1074 626 <65

56 649 100 708 sic
123 649 164 707 ait
187 655 216 707 et
240 649 315 707 certi
338 655 483 708 memorat
506 650 558 727 qui
581 649 684 711 uultus
708 648 832 731 Olympi,

56 735 194 796 Pleiones
217 731 411 814 Hyadumque
436 736 530 819 locos,
554 756 614 816 quo
638 739 735 798 sidere
761 737 860 799 uibret
955 771 958 777 ·

57 824 147 884 Ensis
170 833 200 885 et
221 821 350 884 Actaeus
373 827 466 885 niteat
489 843 547 903 qua
569 825 636 886 luce
659 825 777 887 Bootes,

56 912 129 973 haec
153 911 205 972 ubi
228 912 306 973 dieta
329 912 422 992 dedit,
446 911 565 974 Cereris
587 921 652 974 tum
675 932 799 975 munere
823 914 916 974 lessas

57 1003 223 1061 restituunt
244 1004 326 1060 uires
350 1009 380 1062 et
403 1019 494 1080 parco
518 1019 643 1080 corpora
665 1000 790 1062 Baccho.
1035 1015 1087 1065 ¹70·

57 1107 126 1149 mox
151 1107 253 1149 somno
278 1108 409 1170 cessere;
433 1097 541 1168 regunt
563 1108 617 1150 sua
640 1090 737 1150 sidera
760 1107 899 1169 puppem.
994 1094 1008 1125 ·

101 1177 221 1256 lamque
245 1177 301 1238 sub
323 1176 402 1237 ane
427 1176 516 1237 dubio
539 1176 710 1238 Pallantidis
733 1181 800 1257 igne

56 1265 136 1326 albet
158 1284 229 1344 ager
251 1267 399 1345 motisque
423 1273 524 1326 truces
547 1265 583 1326 ab
607 1265 824 1338 ouihbusursi

56 1362 120 1415 tnta
145 1354 308 1433 domosque
331 1361 450 1435 petunt,
473 1373 556 1414 raras
579 1362 610 1415 et
632 1353 703 1415 litus
726 1358 757 1415 in
780 1355 872 1417 altum

56 1444 148 1503 mittit
170 1461 255 1522 aues3
279 1460 348 1503 cum
370 1445 484 1522 primus
508 1446 593 1521 equis
617 1446 715 1522 exegit
737 1443 850 1504 anhelis
1039 1455 1072 1505 75

56 1530 195 1591 Phoebus
218 1531 316 1591 Athon
339 1531 509 1609 mediasque
534 1531 612 1591 diem
635 1532 776 1610 dispersit
798 1534 830 1590 in
852 1530 955 1593 aindas.

57 1622 194 1680 certatim
217 1622 307 1681 remis
331 1622 428 1698 agitur
451 1638 532 1680 mare
556 1628 712 1698 rostraque
736 1638 828 1679 cursu

56 1709 151 1786 prima
174 1716 320 1788 tremunt3
344 1716 374 1768 et
396 1710 455 1769 iam
478 1710 601 1768 sumatis
625 1706 764 1769 Vulcania
787 1709 883 1786 surgit

56 1795 184 1857 Lemnos
206 1799 291 1875 aquis
314 1796 369 1857 tibi
391 1815 446 1875 per
468 1798 568 1857 uarios
592 1796 698 1857 dilecta
722 1797 849 1877 saucies,

56 1887 237 1965 ignipotens3
261 1904 317 1946 nee
339 1893 369 1945 te
393 1885 479 1945 iuriis
502 1893 533 1945 et
555 1887 679 1946 crimine
703 1892 832 1946 matrum
1037 1896 1072 1946 80

56 1980 137 2032 terra
159 1974 242 2052 sugat
264 1976 422 2052 meritique
445 1976 527 2052 piget
549 1976 719 2048 meminisse
742 1975 860 2053 prioris,

101 2061 248 2141 Tempore
273 2080 332 2140 quo
354 2064 485 2142 primum
508 2063 644 2122 fremitus
667 2064 824 2140 insurgere
848 2068 969 2140 opertos

56 2148 229 2211 caedentum
253 2159 283 2210 et
306 2153 391 2230 regni
413 2154 507 2211 sensit
530 2154 662 2212 nouitate
687 2158 836 2212 tumentes

56 2236 190 2315 luppiter
213 2240 361 2300 aetheriae
384 2258 441 2299 nec
465 2247 544 2300 stare
568 2240 684 2300 silentia
706 2241 797 2321 pacis,

55 2324 202 2386 Iunonem
224 2326 341 2388 uolucri
362 2330 489 2407 primam
512 2329 667 2408 suspendit
690 2326 813 2407 Olympo
1035 2336 1070 2386 85

55 2413 240 2475 horrendum
263 2416 352 2477 chaos
376 2418 536 2477 ostendens
559 2435 729 2496 poenasque
752 2414 892 2476 barathri.

55 2520 125 2562 mox
148 2505 237 2564 etiam
259 2506 383 2585 pauidae
406 2512 601 2585 temptantem
623 2504 742 2566 uincula
765 2506 867 2565 matris
886 2497 891 2506 ’

55 2589 173 2651 soluere
197 2596 351 2672 praerupti
374 2592 537 2654 Vulcanum
559 2597 673 2655 uertice
697 2593 770 2654 caeli

55 2677 203 2761 deuoluit3
226 2682 288 2742 ruit
309 2681 358 2740 ille
382 2682 450 2761 polo
473 2690 651 2762 noctemque
675 2683 813 2761 diemque

55 2764 186 2827 turbinis
209 2771 240 2828 in
263 2787 389 2851 morem,
412 2769 517 2830 Lemni
540 2770 611 2831 dum
633 2770 719 2832 litore
743 2769 863 2829 tandem
1037 2777 1071 2826 90

54 2856 197 2916 insonuit.
243 2877 301 2918 uox
325 2858 393 2918 inde
416 2876 525 2937 repens
548 2867 582 2919 ut
604 2857 733 2937 percuht
755 2855 869 2934 urbem,

54 2942 202 3004 adclinem
226 2945 348 3024 scopulo
370 2948 529 3006 inueniunt
552 2948 754 3022 miserentque
778 2944 941 3020 fouentque

54 3030 187 3091 alternos
210 3049 299 3112 aegro
323 3039 513 3094 cunctantem
535 3033 647 3112 poplite
670 3050 800 3110 gressus.

54 3117 140 3200 hinc,
163 3137 269 3182 rursus
293 3140 417 3201 superas
439 3127 597 3200 postquam
620 3128 704 3199 pater
728 3119 830 3179 adnuit
853 3134 946 3195 arces,

54 3205 185 3268 Lemnos
208 3227 275 3271 cara
299 3210 368 3291 deo,
392 3227 447 3269 nec
471 3210 547 3269 sama
570 3211 668 3269 notior
692 3206 784 3268 Aetne
1035 3214 1070 3264 95

54 3303 107 3354 aut
130 3295 252 3375 Lipares
275 3299 395 3359 domus:
417 3297 470 3358 ha's
493 3297 608 3377 epulas,
631 3295 704 3356 haec
727 3293 836 3373 templa
860 3299 982 3372 peracta

54 3383 158 3461 aegide
182 3393 213 3446 et
234 3386 368 3448 horrifici
390 3387 525 3446 formatis
548 3385 679 3445 iulminis
703 3384 755 3444 alis

54 3470 151 3532 laetus
175 3473 243 3536 adit.
289 3484 393 3536 contra
417 3473 540 3534 Veneris
563 3481 622 3534 stat
644 3473 750 3552 frigida
773 3489 892 3552 semper

53 3576 105 3620 ara
128 3560 208 3643 loco,
231 3567 352 3625 meritas
373 3570 535 3644 postquam
557 3563 615 3626 dea
637 3563 779 3644 coniugis
798 3563 868 3623 iras
