2362 3938
121 161 184 225 116
463 158 493 216 C.
512 160 650 223 venusi
668 160 800 217 Pulcer

119 310 169 370 dat
192 307 325 389 famulis,
348 308 476 368 tendunt
499 308 542 369 illi
565 317 723 389 tractuque
747 312 882 371 uicissim

119 406 223 458 taurea
247 403 332 475 terga
356 395 491 479 domant,
513 399 616 477 pingui
641 397 707 459 lluit
729 401 861 478 unguine
886 399 988 461 tellus:
1083 412 1123 462 333

119 486 186 546 talis
204 487 356 564 utrimque
380 484 476 567 labos,
498 493 675 565 raptataque
699 485 792 547 limite
815 489 847 547 in
870 495 935 549 arto
987 549 990 552 ,

119 572 254 636 membra
276 575 336 634 uiri
359 573 526 634 miseranda
549 573 677 635 madent.
722 574 753 635 hi
775 575 902 637 tendere
926 585 1039 659 contra,

119 664 153 725 hi
176 670 293 743 contra,
317 662 507 740 alternaeque
530 665 632 723 uirum
654 681 715 722 non
738 663 845 724 cedere
869 665 1001 726 deruae.
1029 685 1033 689 ’

119 752 190 813 hinc
213 750 345 812 medium
367 751 509 811 Telamon
533 750 680 812 Canthum
707 753 799 832 rapit,
826 752 897 813 hinc
924 760 1010 815 tenet
1034 754 1128 815 ardens

123 840 198 901 colla
221 841 281 899 uiri
304 846 334 898 ct
356 839 461 900 molles
485 839 584 918 galeae
608 839 760 899 Gesander
781 839 922 923 habenas,
1086 851 1129 903 333

52 989 56 993 ,
122 929 255 990 insonuit
279 945 354 1006 quae
377 928 459 1006 lapsa
481 928 544 989 solo
568 926 762 1007 dextramque
785 928 898 990 fefellit.

122 1017 172 1078 ille
195 1019 306 1076 iterum
328 1018 360 1075 in
384 1017 473 1096 clipei
496 1016 696 1096 septemplicis
719 1016 873 1096 improbus
897 1018 1002 1080 orbem

122 1107 228 1166 arietat
251 1112 281 1163 ct
304 1103 452 1164 Canthum
476 1106 613 1183 seqnitur
637 1104 843 1186 Canthumque
866 1109 1009 1188 reposcit,

122 1210 212 1272 quem
234 1209 339 1251 manus
362 1210 380 1250 a
401 1199 486 1271 tergo
510 1195 625 1253 socium
648 1195 726 1272 rapit
749 1193 844 1273 adque
868 1202 1026 1276 receptum

121 1281 247 1359 uirginis
269 1279 412 1357 Euryales
436 1298 528 1341 curru
550 1280 636 1341 locat.
665 1281 783 1343 aduolat
804 1285 868 1362 ipsa
1089 1295 1135 1344 310

123 1388 157 1430 ac
180 1366 269 1428 simul
291 1367 504 1449 Haemonidae,
528 1367 774 1450 Gesandrumque
798 1373 894 1432 omnis
918 1374 950 1431 in
973 1391 1069 1433 unum

123 1460 146 1518 it
169 1475 283 1517 manus.
328 1455 378 1516 ille
402 1474 495 1517 nouas
519 1459 598 1518 acies
621 1465 652 1519 et
670 1461 796 1537 uirginis
819 1478 900 1520 arma

123 1554 158 1608 ut
180 1544 276 1628 uidet,
299 1540 364 1606 ‘has
387 1547 476 1606 etiam
500 1554 604 1607 contra
626 1542 835 1608 bellabimus?'
858 1550 969 1628 inquit3

124 1631 195 1696 ‘heu
218 1634 315 1714 pudor
323 1628 342 1694 i'
365 1634 435 1698 inde
458 1634 557 1714 Lycen
580 1635 650 1695 serit
673 1635 709 1695 ad
733 1637 848 1696 confine
872 1637 1009 1719 papillae,

124 1724 193 1784 inde
215 1722 328 1803 Thoen,
352 1742 410 1803 qua
433 1723 512 1803 pelta
534 1731 634 1803 uacat;
658 1726 777 1804 iamque
800 1724 862 1785 ibat
884 1726 917 1785 in
941 1723 1064 1806 Harpen
1091 1735 1138 1788 313

123 1811 247 1873 uixdum
271 1814 366 1891 prima
389 1812 449 1872 leni
473 1811 642 1873 ducentem
657 1830 769 1873 cornua
792 1831 896 1893 neruo,

126 1908 155 1961 et
178 1899 306 1960 labentis
330 1902 400 1978 equi
423 1900 596 1962 tendentem
618 1901 702 1961 frena
724 1900 897 1980 Menippen:

126 2006 196 2050 cum
218 1990 321 2067 regina
345 2006 469 2066 grauem
491 1989 577 2050 nodis
600 2008 732 2069 auroque
756 2007 894 2050 securem

126 2079 338 2157 congeminans
359 2085 476 2157 partem
500 2079 605 2156 capitis
628 2077 785 2157 galeaeque
809 2078 921 2138 ferinae

127 2167 258 2246 dissipat.
304 2165 374 2225 hinc
396 2167 509 2246 pariter
533 2166 661 2227 telorum
682 2168 819 2227 immanis
842 2168 874 2226 in
897 2183 994 2227 unum
1093 2179 1143 2228 380

126 2257 150 2316 it
173 2253 291 2334 globns3
313 2253 362 2313 ille
386 2252 438 2315 diu
461 2257 604 2315 coniectis
627 2255 738 2315 sufficit
759 2255 862 2335 hastis,

128 2346 194 2422 quis
217 2344 357 2403 iamiam
380 2345 500 2421 grauior
524 2351 691 2422 nutansque
715 2344 863 2404 exterruit
884 2341 974 2402 ldam.

127 2440 199 2492 tunc
223 2433 284 2491 ruit
307 2438 340 2490 ut
364 2433 474 2490 montis
497 2431 574 2491 latus
597 2438 649 2491 aut
671 2439 705 2490 ut
728 2431 863 2492 machina
886 2433 975 2512 muri,

128 2537 202 2597 quae
227 2517 358 2597 scopulis
382 2516 576 2597 trabibusque
600 2518 652 2579 diu
675 2520 870 2599 confectaque
893 2519 1021 2580 llammis

127 2605 288 2686 procubuit
311 2604 431 2665 tandem
454 2604 549 2684 adque
573 2609 727 2684 ingentem
749 2607 878 2687 perculit
901 2606 1014 2668 orbem.
1084 2618 1145 2670 ,383

171 2693 250 2754 Ecce
272 2693 371 2753 locum
394 2700 571 2772 tempusque
594 2700 677 2754 ratus
700 2697 819 2775 iamque
843 2703 873 2756 et
896 2713 949 2756 sua
972 2699 1058 2776 posci

129 2783 255 2864 proelia,
278 2782 400 2842 lalcatos
422 2782 514 2843 infert
536 2783 728 2844 Ariasmenus
751 2803 821 2845 aues

129 2891 278 2952 saeuaque
303 2870 441 2932 diffundit
464 2872 579 2932 socium
601 2874 670 2951 iuga
692 2874 830 2952 protinus
853 2891 957 2932 omnes

130 2962 326 3044 Graiugenas,
349 2979 453 3021 omnes
475 2969 617 3041 rapturus
640 2960 678 3021 ab
702 2963 818 3041 agmine
842 2960 975 3021 Colchos.

130 3050 258 3130 qualiter
280 3069 389 3111 exosus
412 3049 543 3130 Pyrrhae
567 3068 661 3130 genus
685 3068 814 3130 aequora
837 3068 944 3110 rursus
1095 3062 1147 3112 330

129 3139 264 3220 luppiter
287 3140 382 3218 adque
407 3156 510 3200 omnes
533 3139 660 3200 lluuium
683 3141 709 3200 si
731 3138 836 3201 fundat
858 3138 995 3220 harenas

130 3227 222 3294 ardna
245 3227 368 3288 Parnasi
390 3228 500 3288 lateant
522 3229 603 3309 iuga,
627 3229 752 3288 cesserit
775 3226 885 3306 Othrys

130 3317 248 3393 piniger
271 3323 301 3376 et
324 3318 431 3377 mersis
454 3315 629 3390 decrescant
651 3316 777 3396 rupibus
800 3314 903 3392 lllpes:

130 3401 244 3461 diluuio
267 3404 319 3463 tali
337 3397 519 3484 paribusque
543 3404 735 3464 Ariasmenus
758 3409 845 3479 urget

131 3489 254 3550 excidiis
276 3491 358 3552 narllo
382 3494 501 3570 rapiens
525 3491 695 3552 discrimine
719 3505 834 3550 currus.
