2362 3938
78 172 130 228 XX
476 159 684 218 PRAEFATIO

77 341 106 396 p.
134 314 191 390 XI}
224 309 422 390 ‘pontumque
456 303 639 389 polumque'.
693 310 790 371 nullis
828 316 943 373 sutem
979 308 1073 371 ertifi''

77 422 220 481 umquem
243 402 445 478 probabiliter
468 399 660 477 explicabunt
688 399 847 474 quomodo
881 401 1042 477 simplex'
1079 454 1083 471 =

80 483 264 570 ‘polumque'
301 491 334 547 in
371 481 568 564 ‘cretumque’
605 486 741 562 potuerit
780 487 968 562 deprnueri.
1010 491 1078 563 sup

79 583 136 641 hcc
158 579 326 654 antiquitus
349 578 511 653 traditum,
534 574 610 634 illud
632 593 706 634 uero
729 593 767 633 ex
791 576 1016 654 qualicumque
1037 593 1078 636 eor

78 671 193 729 iectura
214 665 382 741 repositum
405 685 472 725 esse
495 685 550 740 pro
578 666 661 723 certo
683 663 845 723 hebemus.
901 667 1038 742 equidem
1059 678 1079 721 n

80 747 275 830 ‘cretamque'
298 756 380 811 recte
404 754 544 813 elicuisse
566 752 642 811 mihi
663 751 770 810 uideor
799 745 1006 831 ‘petr-esque.
1042 766 1077 828 qn

80 863 153 905 uoce
180 847 250 918 post
275 841 408 900 Ennium
436 861 473 900 ex
500 841 597 917 poetis
625 840 674 899 usi
701 842 774 899 sunt
801 839 927 902 Statius
957 834 1076 918 [rheti

80 930 160 1007 333]
185 934 216 988 et
239 929 351 988 Seneca
375 927 478 1003 [Herc.
502 928 570 989 Oet.
593 926 686 1004 808];
709 927 747 987 cf.
761 928 853 987 Anul.
871 928 989 991 Getull.
1010 951 1034 1006 p.
1047 926 1076 987 il

170 1020 233 1078 347
258 1019 415 1091 ceduntque
436 1018 460 1075 P
484 1018 516 1076 M
540 1037 558 1076 e
580 1037 620 1077 m.
644 1035 714 1076 sec:
739 1018 900 1090 celumque
923 1019 962 1078 V.

170 1108 233 1167 389
258 1107 384 1179 felleque
407 1106 526 1180 scripsi:
550 1107 653 1179 fetoris
675 1104 711 1162 V.
1091 1138 1094 1143 -

170 1196 234 1253 417
264 1198 291 1252 et
317 1211 332 1251 e
355 1195 464 1252 clausis
492 1211 576 1266 qoem
604 1196 723 1254 destinet
744 1191 857 1254 Aecus
882 1197 990 1257 muru.
1030 1195 1077 1253 hm

81 1302 149 1342 cum
162 1285 268 1357 operte
283 1283 345 1341 sint
360 1281 538 1357 deprauata,
557 1282 685 1343 Vossius
699 1281 837 1355 reposuit
852 1275 961 1358 ‘quum
975 1280 1078 1343 ossus

80 1371 193 1430 Aeolus
223 1364 326 1430 curis'.
371 1370 472 1446 potuit
506 1371 621 1429 leniore
648 1370 815 1429 mutatione
847 1389 961 1431 uerum
987 1364 1080 1430 resilii

81 1453 364 1537 ‘quem—sustris'.
410 1478 481 1518 nem
504 1462 651 1535 austrum
674 1461 710 1517 ut
732 1457 785 1516 ulii
808 1461 923 1532 poetae
945 1457 1079 1535 luticiis

82 1550 225 1609 Valerius
249 1569 305 1626 pro
328 1549 464 1627 quolibet
487 1551 579 1606 uento
603 1547 718 1622 posuit3
747 1546 783 1604 ci.
806 1546 822 1605 I
848 1549 891 1605 97
924 1542 1079 1624 inexperto

82 1641 233 1715 temptare
272 1638 450 1714 perentibus
488 1627 620 1695 austrcs'
658 1638 689 1693 et
721 1634 752 1692 II
790 1635 832 1691 52
865 1628 1015 1768 quentis,
1044 1647 1080 1711 pn

82 1727 234 1804 Iuppiter,
258 1728 371 1786 austris
394 1718 582 1785 restitimus'.

173 1818 237 1875 436
261 1817 328 1875 hinc
351 1815 417 1873 edd
440 1818 513 1872 net:
537 1814 582 1871 hie
604 1811 640 1870 V.

172 1906 274 1963 443:
273 1922 310 1962 uo
335 1903 458 1978 scripsi:
483 1907 531 1960 tuo
553 1900 581 1957 V
609 1900 719 1974 inepte.
756 1899 792 1957 cf.
821 1899 836 1956 I
861 1902 929 1961 353
957 1887 1084 1963 ‘lseuoni

83 1990 127 2050 IV
152 1993 215 2051 200
239 1985 380 2053 ‘saeuos'.
425 1991 470 2050 IV
495 1990 559 2048 575
584 1981 706 2048 ‘monti

173 2080 236 2138 445
261 2080 378 2138 frustra
401 2078 477 2137 illud
502 2070 630 2152 ‘pendit'
653 2076 762 2135 nimius
780 2076 1003 2154 brachylogise
1024 2077 1086 2137 iuu-

84 2169 154 2224 sunt
192 2167 450 2242 Eyssenhardtius
488 2169 518 2224 et
554 2165 633 2223 Phil.
666 2164 851 2240 Wagnerus3
888 2165 926 2223 cf.
965 2166 1010 2224 IV
1039 2161 1087 2223 473

91 2246 309 2329 ‘scelerumque
332 2254 407 2311 mihi
433 2272 511 2311 nunc
543 2253 668 2310 crimine
699 2246 801 2328 pendi'
828 2255 860 2311 et
890 2253 1032 2313 Lucanus
1057 2246 1092 2325 [ll

90 2338 168 2414 313]
194 2336 351 2417 ‘quidquid
373 2341 502 2399 Romani
523 2345 698 2400 meruerunt
720 2340 851 2416 pendere
872 2337 998 2402 mores'.

176 2430 240 2486 449
260 2430 406 2501 panderet
428 2420 472 2506 (id
498 2431 544 2486 est
568 2421 734 2508 ‘siccaret')
763 2429 882 2504 scripsi:
905 2433 1047 2503 penderet
1064 2426 1094 2484 V.

85 2508 250 2589 ‘perderet'
292 2514 358 2573 edd.
396 2515 460 2573 sine
502 2533 601 2574 sensu.
637 2547 681 2557 —
720 2517 759 2576 ib.
799 2533 908 2576 muros
944 2517 1095 2578 Heinsius:

81 2604 201 2662 misces
223 2602 259 2661 V.
284 2621 323 2662 cn
346 2595 527 2661 ‘medidus'P

170 2692 235 2750 457
259 2707 311 2749 uec
332 2692 385 2749 tibi
407 2690 527 2766 scripsi:
552 2696 578 2750 et
600 2693 652 2751 teci
673 2691 710 2750 V.

170 2781 235 2838 460
259 2780 328 2852 ferit
348 2778 555 2838 Burmannus:
573 2782 648 2853 petit
669 2779 706 2839 V.

172 2870 235 2928 467
261 2867 419 2927 ceredidere‘t
440 2867 598 2928 Heinsius:
615 2870 780 2943 podicem:
802 2869 838 2928 V.

172 2958 236 3024 485
261 2974 355 3017 errores
376 2956 533 3018 Heinsius:
557 2975 649 3019 cuens
671 2958 708 3017 V.

171 3047 236 3105 486
260 3047 422 3106 terreum
443 3049 477 3106 ic
498 3046 661 3109 Heinsius:
684 3047 846 3107 timenem
868 3045 905 3103 V.

173 3137 239 3194 490
268 3153 356 3208 quom
383 3135 594 3196 Bcrmaemus:
625 3152 691 3194 curn
718 3134 753 3192 V.
784 3135 815 3190 et
847 3135 895 3191 est
927 3134 1004 3193 illud
1032 3129 1100 3192 ‘non

85 3223 176 3282 aliter
208 3217 310 3299 quem'
338 3226 374 3281 ut
402 3223 540 3299 Vergilio
572 3223 618 3283 its
643 3221 765 3278 Valerio
793 3219 948 3281 sollemnis
980 3221 1099 3283 locutio.

85 3307 271 3369 sexcentiens
297 3313 399 3369 cutem
423 3303 514 3369 ‘cum'
533 3312 564 3368 et
587 3300 700 3384 ‘quum'
724 3305 849 3364 uoculae
871 3306 903 3362 in
926 3309 1012 3368 codd.
1036 3320 1101 3370 corr·

83 3393 178 3455 fusse.

59 3516 61 3520 ·
170 3486 234 3541 491
263 3485 425 3558 complevus
446 3484 529 3542 edd.:
553 3496 731 3555 conpressus
752 3479 837 3539 codd.
860 3480 992 3542 insolite.
