2362 3938
123 203 188 268 104
466 199 496 255 C.
515 197 653 265 vonum
670 197 800 253 FLACCI

120 369 178 413 nec
201 367 295 411 uocer
316 348 445 410 ulterius
467 348 567 428 proles
590 347 683 427 louis,
707 345 824 407 excidat
846 349 904 406 iste

122 442 154 500 ni
177 438 232 499 tibi
256 437 346 498 corde
370 445 483 498 tumor:
505 437 596 496 lituos
619 438 711 495 miser
734 452 875 514 armaque
900 434 966 495 faxo

122 528 223 588 oderis
246 535 276 587 et
298 528 403 606 primis
427 525 553 585 adimam
576 531 627 585 tua
650 525 771 585 numina
794 522 890 584 bellis.
1076 528 1115 582 ot
1145 552 1153 565 =

122 619 195 697 quin
219 615 308 675 simili
331 622 465 695 matrem,
488 613 620 693 demens,
643 608 725 672 rabie
749 619 817 673 ante
841 608 966 690 petisti?

122 706 211 784 digna
234 703 367 784 quidem,
391 709 558 762 monstrum
582 704 699 780 superis
723 719 798 778 quae
821 701 880 759 tale
906 703 1027 761 creauit.
1088 752 1092 758 .

123 792 202 872 quod
226 800 326 854 tamen
350 791 506 870 adgressae
529 790 627 850 scelus
651 797 702 850 aut
725 807 784 867 quo
809 791 934 848 crimine
958 796 1063 869 sontes,

122 885 148 942 si
171 883 326 962 iuuenem,
350 882 402 958 qui
424 882 504 940 iussa
528 881 574 938 sui
597 886 657 937 tam
676 877 740 937 dira
757 879 877 957 tyranni

122 970 281 1050 inpauidus
305 971 397 1029 maria
421 976 451 1028 et
473 967 605 1029 nondum
629 969 680 1045 qui
703 974 772 1026 nota
798 965 926 1046 subibat,
1080 971 1119 1023 666

122 1060 254 1118 iuuimus
277 1066 308 1118 et
331 1059 444 1134 magnis
468 1057 596 1135 aliquam
619 1073 703 1134 spem
725 1057 874 1115 mouimus
898 1050 1001 1114 ausis?

123 1164 159 1206 an
183 1145 278 1206 nullas
300 1145 435 1223 perierre
458 1162 564 1222 preces
588 1162 643 1203 neo
668 1143 787 1204 foedera
810 1145 890 1222 regis

123 1232 182 1293 ulla
206 1235 304 1312 sequi,
329 1249 416 1291 caeca
439 1231 491 1290 sed
516 1239 623 1291 cuncta
645 1232 789 1311 inpellere
813 1249 913 1310 pugna

123 1316 304 1382 debuimus?
327 1322 369 1380 sie
393 1319 523 1379 Thraces
547 1327 652 1400 agunt,
675 1323 718 1381 sic
742 1319 881 1380 turbidus
904 1321 971 1401 iste,

123 1411 209 1487 siqua
231 1410 315 1488 petit.
344 1426 485 1487 cuperem
508 1408 581 1468 haec
605 1410 694 1469 etiam
717 1427 797 1469 nunc
821 1408 897 1469 bella
921 1410 1034 1468 remitti
1084 1413 1125 1467 666

122 1515 178 1559 nec
203 1500 298 1558 socias
321 1515 435 1558 armare
459 1516 572 1557 manus
619 1498 655 1556 da
678 1496 802 1578 uellera,
825 1504 936 1578 rector,

124 1594 154 1648 et
176 1587 274 1648 medio
298 1605 353 1647 nos
377 1605 466 1647 cerne
490 1589 573 1646 mari.
619 1586 698 1665 quod
723 1589 769 1645 sin
793 1604 827 1645 ea
850 1585 970 1644 Mauors

126 1675 251 1754 abnegat
274 1683 305 1736 et
327 1675 409 1736 solus
433 1677 544 1735 nostris
568 1674 727 1735 sudoribus
751 1674 858 1756 obstat,

124 1764 234 1824 ibimus
256 1764 414 1824 indecores
438 1765 608 1841 frustraque
632 1769 677 1823 tot
699 1781 830 1841 aequora
852 1757 980 1822 uectae?

123 1870 187 1912 mas
211 1852 325 1932 aliquae
349 1861 491 1933 nequeat,
514 1855 540 1912 si
563 1846 692 1912 semina?
717 1860 856 1931 coeperat
879 1850 988 1910 amiens
1046 1886 1048 1891 ·
1086 1858 1130 1909 666

122 1941 172 2001 hio
195 1943 304 2001 iterum
328 1941 449 2001 alternis
472 1941 590 2001 llanors
613 1943 769 2018 insurgere
793 1940 889 2000 dictis
1032 1933 1035 1936 ’

123 2032 234 2109 excipit
255 2029 325 2089 hinc
348 2037 451 2090 contra
473 2037 559 2108 pater
583 2037 612 2089 et
636 2032 678 2089 sic
701 2046 776 2089 uoce
801 2029 957 2088 cohercet:

124 2113 207 2196 ‘quid
231 2136 340 2178 uesane
365 2114 490 2178 fremis?
513 2137 582 2178 cum
604 2136 660 2178 uos
683 2120 742 2178 iam
763 2121 898 2196 poenitet
921 2120 980 2177 acti

123 2213 339 2287 peccatumque
363 2208 448 2286 satis,
471 2214 543 2266 tunc
567 2207 602 2266 ad
626 2224 690 2266 mea
714 2209 778 2265 iura
801 2209 920 2267 uenitis.

126 2294 259 2374 quolibet
281 2297 337 2355 ista
360 2294 462 2375 modo,
486 2312 672 2374 quacumque
696 2294 828 2373 inpellite
851 2313 962 2376 pugna,
1088 2302 1135 2353 ott

125 2380 210 2461 quae
224 2385 378 2463 coepistis,
400 2382 511 2443 hab'ent
534 2386 673 2462 quoniam
698 2401 750 2442 sua
774 2384 833 2443 fata
856 2383 984 2442 lurores.

125 2477 154 2529 te
178 2478 277 2530 tamen
300 2469 371 2550 hoc,
395 2473 538 2551 coniunx,
562 2479 592 2532 et
614 2478 657 2551 te,
681 2489 745 2532 mea
769 2479 849 2552 nata,
873 2470 1016 2534 monebo:

127 2560 166 2618 sit
188 2557 301 2617 Persen
323 2557 474 2636 pepulisse
498 2561 582 2638 satis,
607 2578 663 2618 nec
686 2578 761 2619 uana
786 2567 916 2621 retentet

123 2664 192 2724 spes
215 2645 328 2724 Minyas
350 2645 478 2705 finemue
502 2646 597 2705 uelint
619 2649 761 2725 inponere
785 2648 871 2708 bello.

122 2733 207 2794 illum
231 2736 341 2794 etenim
364 2733 430 2793 talis
453 2751 556 2794 rerum
579 2743 691 2816 manet,
715 2739 853 2818 accipite,
877 2737 960 2797 ordo.
1088 2748 1139 2798 660

122 2826 203 2884 uicta
226 2831 308 2883 retro
331 2841 410 2882 nunc
434 2830 531 2883 castra
553 2822 634 2884 dabit
656 2824 826 2904 bellumque
850 2828 984 2887 remittet

122 2914 248 2973 territus
272 2913 402 2973 aduentu
427 2912 512 2972 ducis
536 2919 566 2972 et
589 2915 701 2974 uirtute
725 2913 854 2993 Pelasgi:

124 3019 193 3061 mox
216 3000 268 3060 ubi
291 3001 470 3062 Thessalicis
493 3002 626 3062 referent
648 3002 703 3062 hos
726 3003 844 3063 flamina
867 3005 965 3085 terris,

44 3086 46 3091 ’
123 3096 196 3148 tunc
220 3088 315 3149 aderit
338 3093 496 3170 uictorque
520 3090 623 3152 domos
647 3099 677 3151 et
701 3099 818 3171 sceptra
841 3091 965 3174 tenebit,

123 3175 219 3238 donec
242 3183 273 3237 et
295 3177 407 3238 Aeeten
430 3181 527 3258 inopis
551 3188 618 3257 post
640 3180 727 3258 longa
751 3189 888 3241 senectae
1025 3217 1032 3225 ·
1088 3188 1140 3240 666

125 3265 213 3324 exilia
235 3265 296 3326 heu
319 3269 433 3344 magnis
457 3267 674 3345 quantumlibet
696 3270 776 3346 inpia
799 3269 867 3327 latis

123 3359 191 3410 nata
214 3355 299 3413 iuuet
323 3354 488 3434 Graiusque
512 3374 605 3434 nepos
629 3359 660 3415 in
684 3373 775 3433 regua
797 3361 932 3430 reponat.

120 3435 170 3497 hic
193 3437 277 3499 labor
300 3441 513 3521 amborumque
536 3444 609 3504 haec
633 3449 703 3503 sunt
725 3441 895 3500 discrimina
919 3441 1053 3504 fratrum.

122 3525 224 3597 uadite
248 3529 449 3609 et'aduersis,
472 3539 507 3590 ut
530 3534 597 3608 quis
620 3530 713 3607 uolet,
736 3529 835 3584 inruat
859 3526 970 3590 armis?
