2362 3938
339 176 456 231 PRIMA
473 176 676 233 RESPONSIO
695 177 850 233 DINDIMI.
1037 178 1099 241 171

84 343 206 421 cupato
235 361 350 422 parum
378 341 533 422 temporis
562 340 602 404 ad
629 340 800 423 legendum
823 337 934 406 datur.
974 339 1036 406 Sed
1058 363 1100 405 ne

83 427 226 491 invidiae
245 449 343 491 causa
358 427 504 492 deserere
522 451 572 492 me
587 428 718 510 diceres,
738 428 906 511 expediam
925 432 961 492 ut
977 433 1100 512 potero,

84 537 168 599 quae
192 515 339 599 requiris.
385 514 527 580 Nuntios
556 518 642 581 enim
670 518 709 580 dc
732 517 829 581 nobis
855 517 976 581 dudum
1004 517 1044 581 ad
1067 521 1100 582 te

83 605 233 688 prolatos
251 625 319 668 non
337 604 500 669 immerito
520 605 627 669 famae
641 604 824 669 incredulus
841 605 1003 689 respuisti,
1020 627 1099 669 nam
1123 610 1126 616 ’

84 693 170 757 solet
193 692 333 777 gaudere
356 691 530 776 figmentis.
575 691 670 758 Nunc
697 696 806 757 tamen
829 715 874 757 ex
898 715 949 758 me
971 693 1125 757 induti-⁵

85 784 196 845 tanter
213 782 343 864 percipe
366 802 473 844 rerum
498 781 594 845 fidem
613 784 795 865 contentus,
819 781 859 845 ad
878 782 972 846 beate
991 782 1098 847 viven-

84 870 163 932 dum
186 869 298 953 quales
322 870 513 953 habeamur,
537 891 725 954 agnoscere,
751 870 794 935 sit
817 892 893 934 sane
916 871 964 935 tui
987 870 1099 935 iudicii

83 980 132 1039 ea,
152 979 233 1042 quae
251 957 463 1041 proferemus,
486 960 596 1022 utrum
616 959 779 1043 sequenda
799 980 929 1023 censeas
950 981 992 1024 an
1011 981 1098 1041 sper·

82 1046 199 1110 nenda.

175 1135 262 1198 Gens
288 1135 392 1218 igitur
414 1134 675 1219 Bragmanorum
703 1157 785 1218 pura
809 1139 842 1199 et
865 1135 1005 1218 simplici
1028 1135 1097 1200 vita
1110 1154 1137 1195 10

83 1223 175 1286 vivit.
222 1222 329 1288 Nullis
360 1245 468 1287 rerum
503 1223 630 1306 capitur
662 1224 833 1290 illecebris.
884 1223 942 1289 Nil
974 1224 1099 1307 appetit

83 1310 238 1394 amplius,
269 1333 365 1395 quam
389 1312 473 1376 ratio
496 1316 631 1376 naturae
653 1312 789 1398 flagitat.
836 1311 952 1377 Omnia
975 1314 1100 1396 patitur

83 1420 122 1463 ac
151 1400 269 1464 tolerat
300 1399 382 1463 illud
411 1403 530 1484 putans
562 1402 795 1484 necessarium,
828 1401 913 1485 quod
943 1403 1003 1465 scit
1030 1423 1098 1466 non

84 1509 155 1551 esse
180 1488 385 1570 superfluum.
431 1487 551 1552 Facilis
573 1490 669 1554 nobis
694 1511 819 1571 semper
843 1489 1007 1573 alimonia,
1032 1512 1098 1553 non

83 1598 183 1659 quam
211 1577 357 1641 luxuriae
382 1577 546 1661 sagacitas
570 1599 628 1660 per
651 1579 759 1641 omnia
782 1597 913 1641 currens
937 1578 1136 1641 elementale

83 1664 260 1748 perquirit,
293 1665 348 1729 sed
381 1687 477 1749 quam
507 1666 606 1729 tellus
636 1665 721 1730 ferro
752 1665 910 1729 inviolata
939 1664 1098 1747 producit.

83 1752 232 1817 Mensam
260 1753 364 1836 epulis
393 1775 564 1818 oneramus
594 1754 749 1817 innocuis.
799 1752 886 1817 Hinc
915 1756 982 1836 est,
1012 1753 1098 1837 quod

82 1841 175 1904 nulla
206 1862 325 1925 genera
352 1843 541 1906 morborum
568 1863 775 1906 numeramus
803 1845 836 1905 et
862 1842 1011 1924 nomina,
1042 1842 1097 1905 sed

83 1929 243 1993 diuturnis
259 1931 386 2013 gaudiis
404 1930 518 1994 salutis
534 1931 747 1995 intemeratae
761 1929 947 1994 defruimur.
979 1927 1097 1993 Nullus

83 2017 195 2100 itaque
219 2019 303 2100 apud
330 2040 392 2082 nos
416 2018 567 2082 sanandis
597 2018 785 2100 corporibus
809 2040 886 2082 usus
910 2023 960 2082 est
983 2017 1096 2081 herba·
1111 2034 1137 2083 20

83 2128 155 2168 rum
185 2128 244 2171 nec
271 2108 307 2170 in
335 2107 459 2171 alienas
484 2107 643 2190 pernicies
672 2107 828 2171 auxilium
856 2107 996 2189 petimus
1024 2127 1097 2170 con·

85 2195 202 2259 stituti.
246 2193 349 2278 Opem
372 2217 439 2260 non
456 2200 608 2278 precatur
631 2196 712 2260 alter
735 2196 776 2260 ab
802 2195 875 2276 alio,
901 2195 956 2260 ubi
979 2195 1098 2260 vivitur

85 2283 169 2346 inter
188 2305 292 2367 pares.
329 2281 435 2348 Locus
458 2306 523 2348 non
542 2285 716 2367 praebetur
733 2283 886 2366 invidiae,
908 2283 965 2348 ubi
987 2285 1096 2349 nullus

86 2371 232 2454 superior
256 2375 314 2436 est.
360 2370 479 2436 Omnes
507 2373 622 2437 divites
652 2374 732 2446 facit
755 2372 957 2458 paupertatis
981 2394 1097 2458 aequa-

85 2459 171 2523 litas.
216 2459 340 2524 Indicia
362 2482 427 2524 non
450 2461 621 2542 habemns,
647 2462 723 2546 quia
747 2462 938 2547 corrigenda
961 2483 1028 2526 non
1050 2461 1098 2525 fa·
1111 2484 1138 2525 rs

85 2548 196 2611 cimus.
235 2548 338 2633 Leges
358 2550 466 2613 nullas
488 2556 645 2633 tenemus,
669 2571 751 2634 quae
776 2552 861 2634 apud
880 2572 938 2615 vos
963 2551 1100 2616 erimina

86 2636 262 2717 proferunt.
308 2635 395 2701 Nam
419 2638 494 2701 dum
518 2639 706 2723 plerumque
732 2641 851 2704 severis
876 2639 1097 2703 sanctionibus

176 2834 309 2896 lparum
328 2828 364 2881 R.
401 2845 518 2897 parvum
536 2834 583 2883 cet.
620 2847 738 2899 parvum
762 2831 897 2952 temporis
920 2829 1043 2897 spatium
1063 2829 1097 2883 P.

87 2904 101 2950 3
121 2899 251 2969 requiris]
267 2900 361 2966 queris
369 2899 403 2952 L.
457 2905 475 2953 4
493 2899 634 2955 immerita
647 2900 722 2955 fame
736 2901 812 2955 inere
833 2901 894 2954 ulos
904 2899 940 2953 L.
991 2905 1007 2952 5
1027 2899 1099 2952 solet

87 2969 206 3023 L.R.B.
236 2969 328 3023 solent
345 2968 375 3024 V.
407 2969 479 3024 solet
496 2970 573 3024 fama
591 2971 623 3025 P.
674 2971 765 3025 ssfide
783 2972 860 3026 L.B.
912 2969 1099 3023 'thabeamus

86 3040 119 3092 L.
127 3040 161 3093 R.
229 3046 299 3094 8ea
319 3041 352 3096 P.
376 3057 426 3095 om.
446 3045 493 3094 cet.
526 3041 694 3112 spernenda]
712 3040 870 3109 respuenda
888 3041 920 3094 V.
960 3045 993 3092 10
1012 3037 1097 3108 Gens]

88 3109 180 3163 Genus
205 3110 240 3165 L.
274 3113 510 3180 bragmannorum
532 3112 566 3164 L.
603 3112 663 3165 vita
685 3109 769 3181 vivit]
793 3128 850 3164 una
872 3108 933 3164 vita
955 3108 990 3162 L.
1027 3106 1099 3162 vivit

87 3182 177 3235 ornP.
214 3180 309 3234 Nullis
333 3197 424 3235 rerum
448 3182 522 3237 PR.
560 3181 653 3234 nullus
676 3199 739 3235 rens
764 3181 840 3236 L.B.
876 3179 980 3233 nullius
1003 3179 1045 3232 rei
1066 3178 1098 3232 V.

88 3257 120 3304 14
134 3258 198 3320 poet
219 3252 411 3334 ‘apparituram’
433 3253 581 3307 odditnee
600 3252 806 3306 ultramodum
827 3252 860 3306 P.
896 3248 998 3303 Facilis
1018 3248 1098 3332 nobis

87 3321 474 3464 titilitssdldttllff'
500 3324 1100 3472 mieqliiiuilinilitlitieieituriiriii

85 3465 221 3533 sospitate
250 3463 283 3517 P.
371 3470 404 3517 21
432 3464 578 3519 constituti
602 3465 637 3518 L.
646 3465 678 3519 P.
686 3466 723 3518 Β.
757 3480 807 3520 om.
834 3463 869 3517 R.
905 3460 1038 3516 constrtui
1066 3461 1100 3519 V.

86 3540 118 3587 22
138 3534 235 3604 opem]
256 3532 346 3589 maior
369 3535 400 3590 V.
473 3541 507 3588 26
527 3534 634 3589 Indicia
651 3536 687 3590 L.
