2362 3938
409 180 525 237 ossus
543 179 764 242 scamnum.
873 256 879 260 ,
1047 182 1090 247 41

77 369 148 412 cum
168 346 283 412 dicata
301 345 383 410 mihi
402 346 517 411 merito
537 367 665 431 quoque
685 348 751 412 sint
769 369 860 412 meas
880 368 973 412 areae
993 348 1097 410 trans·

76 438 185 519 vecta,
215 434 295 519 quid
323 434 520 499 dubitationi
548 434 698 500 relictum
726 439 810 518 erat,
839 436 916 520 quin
944 457 1017 500 eum
1046 456 1098 498 me

77 523 239 607 crederes,
263 544 359 607 quem
380 523 606 588 auxiliatorem
628 524 691 590 tibi
714 525 928 609 religionibus
952 527 1098 607 cooptas-

77 611 167 679 ses?'
192 611 247 676 Ad
270 612 351 676 haec
373 611 560 677 Alexandro
584 612 623 676 de
647 614 736 678 urbis
760 613 978 698 perpetuitate
1001 633 1097 694 quae·
1116 620 1161 674 33.

76 701 175 785 renti,
194 704 229 764 et
249 722 291 764 an
310 700 451 765 nominis
471 701 522 765 sui
539 701 714 767 inhaesura
732 702 907 786 appellatio
924 700 1122 782 rideretur,s

78 790 172 855 visus
202 793 253 853 est
281 789 359 854 deus
387 810 485 853 manu
513 811 582 854 sese
611 791 860 875 adprehendisse
891 789 1028 872 exinquo
1058 787 1099 852 ad

77 879 208 944 editum
229 877 416 961 celsumque
441 877 614 943 admodum
637 884 783 945 montem
805 901 871 944 una
890 877 1030 962 duxisse,
1053 879 1100 941 at·

80 989 144 1053 que
164 966 287 1030 ibidem
306 965 499 1031 consistenti
523 964 695 1051 ‘Potesne’
720 969 775 1050 ait,
798 967 829 1033 ‘o
852 973 889 1033 tu
913 965 1099 1050 fortissime,

79 1057 204 1121 molem
232 1056 317 1118 hanc
344 1055 467 1120 montis
496 1055 531 1118 in
560 1055 685 1121 diversa
708 1054 954 1122 transducerel'
1000 1052 1099 1139 Negi-

78 1148 174 1210 tante
199 1142 387 1208 Alexandro
412 1142 587 1208 addidisse:
616 1143 721 1212 ‘Haec
745 1167 821 1231 ergo
846 1143 1025 1211 similitudo
1050 1146 1101 1208 est
1115 1164 1143 1203 10

80 1234 151 1298 eius
178 1232 304 1297 scilicet
328 1232 545 1314 difficultatis,
572 1256 669 1317 quam
693 1234 732 1299 de
761 1235 809 1299 tui
831 1234 973 1300 nominis
996 1236 1100 1297 muta·

80 1324 172 1388 tione
202 1321 373 1405 quaesisti.
425 1319 471 1385 Ut
498 1321 586 1385 enim
614 1327 749 1388 naturae
776 1323 901 1389 viribus
932 1344 1006 1407 spes
1037 1322 1102 1386 ista

80 1410 249 1492 deficitur,
279 1408 365 1494 quod
396 1431 489 1472 mons
519 1412 631 1476 tantus
661 1413 733 1477 loco
762 1412 881 1476 mutari
911 1414 1024 1496 queat,
1053 1408 1101 1475 ita

81 1498 306 1583 possibilitate
326 1520 378 1562 res
398 1500 497 1583 caret,
516 1497 669 1564 inolitum
688 1522 807 1566 nomen
821 1505 914 1567 tuum
928 1499 1002 1564 urbi
1016 1519 1102 1562 nunc

82 1588 235 1653 conditae
260 1586 338 1650 olim
362 1608 459 1670 posse
484 1587 623 1654 mutari?
1115 1603 1142 1645 15

173 1675 227 1740 Ibi
248 1675 353 1739 adhuc
371 1678 503 1758 petente
522 1675 718 1759 Alexandro,
738 1680 775 1740 ut
794 1675 857 1740 sibi
874 1676 913 1740 de
932 1675 996 1738 fine
1015 1673 1101 1738 ritae
1120 1683 1165 1735 34.

84 1765 161 1830 deus
187 1764 313 1848 aliquid
337 1763 507 1849 fateretur,
530 1765 565 1828 in
587 1765 668 1831 haec
691 1786 883 1848 responsum
906 1768 968 1828 est:

248 1883 320 1937 Prae
340 1887 441 1939 cuncta
459 1885 536 1940 vitae
555 1885 703 1940 commoda
721 1884 766 1939 est
783 1883 951 1938 mortalibus

247 1955 289 2008 De
308 1955 362 2008 fine
370 1997 484 2011 .......
490 1957 616 2010 nescium

249 2024 412 2094 Quibusque
431 2026 513 2081 metis
532 2026 592 2080 fata
610 2026 778 2081 claudantur
796 2023 847 2078 sui.
1117 2038 1144 2078 ao

248 2096 327 2150 Mens
347 2095 452 2166 quippe
471 2097 590 2151 homulli
608 2113 664 2151 non
682 2095 760 2151 videt
777 2094 931 2163 variantia,

250 2167 331 2232 Quod
349 2167 420 2221 haec
437 2168 573 2222 reformat
591 2182 691 2237 perpes
711 2168 774 2237 aevi
793 2167 953 2222 aeternitas.

248 2238 322 2291 Nam
341 2237 365 2291 si
384 2237 505 2293 facessat
524 2255 638 2294 casuum
657 2237 787 2306 scientia,

249 2309 340 2363 Laeta
359 2311 402 2362 est
420 2309 529 2364 timoris
549 2309 639 2364 omnis
658 2308 808 2378 ignoratio.

250 2378 342 2443 Quare
361 2378 390 2432 id
408 2382 508 2448 putato
527 2381 588 2434 tute
609 2378 878 2448 commodissimum,

251 2449 281 2503 si
300 2466 364 2518 spes
383 2450 471 2504 futuri
489 2449 567 2505 nullo
587 2451 715 2505 foedetur
733 2451 818 2505 metu.

249 2521 326 2590 Ergo
345 2521 437 2587 hisce,
456 2538 528 2588 quae
547 2521 602 2589 fas,
621 2522 770 2589 instruere,
788 2523 822 2575 ut
840 2519 989 2591 praescias.

251 2591 294 2644 Tu
313 2607 378 2645 nam
398 2592 508 2646 levatus
527 2594 625 2646 nostra
643 2591 854 2662 praepotentia,

252 2662 449 2730 Quaecumque
467 2678 536 2732 gens
556 2663 593 2716 sit
612 2662 708 2732 obvia,
727 2666 835 2718 sternes
853 2679 946 2717 manu.

252 2733 385 2800 Tuncque
403 2732 473 2787 haec
491 2733 594 2788 revises
614 2733 722 2802 animo,
741 2733 814 2789 liber
833 2735 957 2790 artubus.
1119 2747 1146 2788 so

181 2916 195 2963 1
226 2908 321 2962 dicata
348 2909 383 2962 A.
422 2908 499 2963 dicta
526 2916 553 2964 T.
618 2926 699 2964 meae
727 2925 809 2965 areae
836 2917 864 2965 T.
901 2925 966 2964 mea
994 2923 1043 2963 ara
1070 2907 1106 2961 A.

90 2979 292 3036 scoobtasses
311 2986 338 3034 T.
365 2980 507 3048 captasses
526 2981 561 3034 A.
615 2981 728 3035 4urbis
747 2987 773 3036 T.
799 2980 873 3034 orbis
892 2982 928 3036 A.
980 2983 1052 3032 tan
1070 2976 1106 3032 A.

88 3052 124 3106 ad
142 3058 171 3105 T.
248 3052 315 3104 8tu
335 3066 386 3104 cm.
405 3053 441 3104 A.
515 3057 548 3106 13
568 3050 697 3106 deficitur
710 3058 737 3103 T.
762 3051 856 3105 deficit
873 3050 909 3105 A.
984 3055 1017 3102 18
1035 3048 1107 3100 Pras

88 3126 193 3177 cuncta
212 3121 289 3175 vitae
309 3127 355 3177 etc.
380 3123 512 3176 carminis
534 3128 642 3177 tactam
664 3122 789 3188 frentula
812 3122 865 3188 leci
885 3124 1001 3187 possunt
1022 3119 1055 3172 in
1077 3123 1105 3172 T.

88 3196 122 3261 cs.
143 3193 240 3262 praef.
325 3198 357 3245 19
381 3191 422 3245 De
446 3192 501 3246 fine
524 3194 631 3246 certum
654 3190 749 3245 finisse
773 3189 875 3257 quibus
897 3188 981 3242 mstis
1004 3187 1040 3243 A.
1073 3187 1108 3241 de

88 3265 109 3320 f.
123 3264 282 3320 ...asciam
302 3261 471 3330 quibusque.
484 3261 533 3317 .tis
548 3268 576 3317 T.
605 3262 640 3316 de
659 3261 713 3315 fine
732 3261 861 3315 fortunae
879 3258 965 3312 fuisse
982 3256 1109 3313 nescium

86 3334 223 3390 BaKeil.
263 3338 296 3386 22
317 3334 391 3401 quod
409 3335 478 3386 haee
493 3338 539 3386 T?
563 3347 634 3402 quae
653 3331 689 3386 A.
726 3336 760 3384 23
780 3329 902 3383 facessat
915 3335 942 3382 T.
965 3330 1059 3384 cessat
1071 3327 1108 3411 A.

87 3412 121 3460 26
143 3421 211 3475 spes
231 3403 319 3457 frrturi
334 3434 367 3443 -
381 3405 459 3456 metu
477 3419 526 3460 cm.
547 3410 574 3456 T.
668 3408 702 3457 2⁷
721 3401 798 3455 hisee
817 3415 888 3468 quae
907 3398 949 3453 fas
966 3404 982 3452 s
1000 3401 1036 3457 A.
1064 3399 1108 3454 lus

87 3491 289 3546 quaequae...
310 3480 337 3526 T.
362 3474 498 3528 instruere
517 3474 549 3526 ut
562 3479 589 3526 T.
613 3473 753 3526 instrucre
773 3471 803 3525 et
814 3472 851 3524 A.
897 3475 932 3524 30
951 3472 1067 3528 artubus
1080 3472 1108 3524 T.

87 3550 189 3602 artuus
208 3543 245 3597 A.
