2362 3938
137 180 200 244 144
552 177 661 232 Lrssnn
678 177 727 233 ΙΙΙ.

134 347 205 408 erat
226 342 396 426 opiniones
420 342 627 406 intuentium.
672 341 735 405 Ast
757 339 812 404 alii
836 360 947 403 currus
972 340 1148 425 quadrigas

133 432 316 516 elephantis
345 430 463 496 iunctis
491 430 671 513 habebant,
700 449 819 512 eosque
848 428 964 510 ebeno,
993 427 1047 491 oui
1076 451 1148 494 con-

133 520 224 585 oolor
258 521 366 585 bestia
401 519 468 584 veri
502 518 629 583 facilius
665 518 842 602 imaginem
876 516 1057 600 retinebat3
1095 518 1149 582 sed

134 609 246 673 subter
280 612 374 673 erant
405 608 564 690 impressa
595 606 730 690 pedibus
763 604 1010 688 elephantorum
1048 608 1150 688 eapti-

106 719 249 762 avorum
277 719 413 781 corpora
441 694 723 760 subcumbentinm
751 696 808 759 aut
834 693 953 756 innexa
981 694 1150 776 probosci-

135 785 229 850 dibus
253 805 481 868 suspensaque.
529 783 617 859 Quae
644 784 729 846 inter
752 781 861 846 omnia
888 781 922 844 id
951 802 1031 845 sane
1059 805 1149 866 prae-

135 874 263 957 oipunm
293 873 363 956 regi
394 873 501 955 operis
530 871 714 954 videbatur,
744 869 831 955 quod
858 891 923 933 una
950 870 989 933 de
1019 892 1149 955 gemma

135 963 295 1045 scalptum
309 961 467 1043 templum
481 959 686 1044 indidemque
705 958 873 1023 columnas
889 964 1036 1023 cerneret
1050 959 1149 1024 inter-

134 1050 290 1133 sealptas‚
319 1049 488 1113 obsessum
518 1069 614 1112 omne
637 1048 690 1112 vel
717 1047 867 1131 frequens
890 1047 1027 1111 horrore
1057 1070 1147 1113 sacro

93 1160 119 1200 ιο
134 1138 172 1201 de
191 1138 386 1201 daemonum
404 1136 550 1200 vultibus
568 1136 726 1219 barbaris,
750 1134 806 1219 qui
829 1136 944 1218 plusne
963 1135 1148 1201 formidinis

133 1246 174 1288 an
199 1225 422 1289 admirationis
447 1224 577 1308 darent,
605 1224 692 1288 haud
715 1227 787 1288 erat
808 1223 936 1287 homini
959 1223 1148 1290 discernere.

131 1311 222 1376 Inter
244 1312 327 1377 haee
355 1316 388 1377 et
412 1313 497 1377 celsa
524 1312 583 1376 illa
610 1316 707 1397 atque
736 1312 777 1376 ad
805 1312 929 1376 eaelum
954 1313 1149 1396 suspicanda

133 1401 257 1484 palatia
270 1401 454 1466 interfluere
468 1399 665 1485 Argyritum
678 1401 798 1465 flumen
818 1403 850 1464 et
864 1400 964 1465 alium
979 1400 1148 1468 Pactolum

133 1490 268 1556 fluvium
287 1489 482 1575 mirabatur3
501 1489 556 1554 sed
576 1494 748 1574 utrumque
768 1489 896 1554 alveum
916 1512 995 1555 auro
1016 1491 1148 1556 divitem

98 1600 123 1642 1s
139 1583 171 1644 et
189 1600 267 1663 prae
286 1579 455 1644 nimietate
475 1579 547 1644 auri
564 1579 779 1644 interfluentis
799 1600 900 1663 aquae
918 1600 1046 1663 quoque
1065 1580 1148 1644 auri·

135 1672 267 1753 gentem
291 1669 446 1752 colorem3
472 1669 529 1734 sed
553 1691 667 1734 eorum
685 1669 763 1734 litus
783 1671 816 1732 et
834 1668 1000 1750 margines
1019 1669 1147 1733 insertis

136 1757 306 1820 arboribus
338 1756 580 1842 consuescunt,
609 1780 691 1842 quae
722 1758 825 1823 celsae
856 1756 922 1820 sint
952 1758 985 1819 et
1016 1757 1147 1836 odorae3

136 1866 253 1930 cypros
277 1845 416 1931 denique
440 1846 609 1932 gentiliter
632 1850 751 1912 vocant
776 1844 883 1910 fructu
909 1845 1002 1908 suavi
1025 1849 1058 1908 et
1080 1868 1148 1910 um·

135 1934 242 2000 brosis
266 1934 435 1999 frondibus
458 1935 587 2000 divites.

96 2045 122 2085 ao
226 2021 284 2088 37.
319 2022 409 2088 Haeo
432 2022 535 2108 igitur
562 2025 677 2087 cuneta
705 2044 777 2087 oum
800 2020 984 2086 Alexander
1010 2021 1181 2085 intuitus

136 2114 234 2192 esset,
258 2109 471 2175 admiratione
495 2111 625 2194 quidem
649 2110 759 2173 debita
783 2109 979 2173 vincebatur.
1016 2108 1150 2192 Agebat

134 2197 168 2259 in
193 2197 341 2262 convivio
365 2219 434 2262 eum
457 2196 616 2262 Candauli
640 2196 817 2261 sororibus.
855 2194 1029 2257 Enimvero
1052 2218 1150 2277 quae·

136 2282 179 2347 sit
203 2304 299 2366 quam
324 2285 473 2348 blandius
496 2290 572 2368 post
594 2287 731 2349 matrem
755 2281 949 2361 Candaules,
976 2280 1027 2343 uti
1050 2282 1150 2348 Anti-

135 2391 256 2454 gonum
280 2392 375 2435 sunm
398 2393 458 2455 pro
482 2373 600 2438 merito
624 2370 749 2456 gratiae
772 2367 891 2453 regalis
911 2374 1151 2455 muneraretur,

95 2480 121 2521 aa
136 2479 198 2542 quo
229 2457 367 2522 donatus
397 2481 458 2542 pro
487 2460 620 2524 fortuna
647 2462 758 2522 tantae
784 2455 916 2540 reginae
946 2455 986 2519 ad
1014 2460 1151 2541 propria

134 2546 282 2629 protinus
306 2550 476 2611 remearet.
518 2547 782 2631 Conprehensum
805 2545 907 2629 igitur
926 2543 1150 2612 Alexandrum

135 2632 282 2698 (landone
304 2656 362 2718 per
386 2636 495 2699 aulam
519 2658 611 2700 suam
635 2635 806 2718 omniaque
829 2634 939 2720 regiae
964 2640 1087 2700 secreta
1112 2659 1150 2701 ae

134 2722 313 2806 penetralia
343 2723 570 2810 circumducit,
601 2745 744 2790 secessus
775 2724 933 2808 quosdam
964 2725 993 2788 ei
1021 2724 1151 2789 aedium

225 2966 398 3022 telefantos
420 2967 531 3023 innotos
554 2969 590 3023 A.
637 2968 885 3038 tprobnseidibus
906 2971 940 3026 P.
992 2976 1007 3025 7
1026 2969 1098 3038 regii
1116 2970 1148 3024 P.

138 3045 153 3094 9
169 3055 251 3094 omne
264 3038 374 3094 veer.
395 3056 491 3094 omnes
505 3038 633 3096 velA.P.
672 3044 705 3094 10
720 3041 755 3094 de
770 3042 885 3096 deorum
892 3041 928 3095 A.
950 3040 998 3108 qui
1008 3041 1149 3095 MatMr.

137 3111 213 3234 guod
230 3108 265 3165 A.
273 3110 343 3235 ΕΡ
392 3115 423 3164 11
443 3111 494 3165 aut
512 3112 573 3166 erat
590 3109 699 3166 homini
718 3110 878 3180 discernere
896 3111 932 3166 A.
965 3110 1072 3164 nemini
1090 3113 1150 3166 erat

157 3197 294 3237 rseemere
343 3222 350 3235 .

227 3252 275 3308 87.
304 3258 339 3307 20
357 3251 476 3307 intuitus
495 3254 570 3307 esset
588 3251 660 3309 Mai.
686 3251 849 3309 inter.isset
866 3253 901 3307 A.
927 3250 1001 3304 inter
1020 3251 1095 3304 esset
1115 3252 1150 3309 P,

138 3329 171 3377 21
191 3322 305 3391 quidem
325 3323 359 3378 P.
384 3323 522 3392 quaedam
540 3321 576 3378 A.
600 3323 721 3394 quadam
741 3323 815 3377 Mal.
872 3328 906 3376 22
926 3337 989 3374 enm
1007 3321 1072 3375 odd.
1092 3322 1150 3377 Mr.

138 3393 240 3449 sororis
263 3394 298 3449 A.
332 3411 396 3450 oum
420 3394 579 3449 Candaules
602 3394 736 3449 fratribus
754 3409 865 3462 propos.
890 3391 947 3446 Mr.
971 3406 1004 3444 ea
1027 3390 1150 3447 Graecis.

137 3469 171 3517 23
191 3479 276 3531 quam
294 3463 329 3518 A.
355 3481 411 3533 qua
429 3466 464 3519 P.
501 3467 582 3524 verba
602 3464 841 3533 ‘matrem-pro’
863 3478 914 3518 om.
933 3460 965 3514 Ρ.
1039 3466 1074 3515 24
1092 3480 1150 3518 ma·

136 3531 192 3586 rito
210 3534 243 3588 P.
316 3539 351 3588 25
370 3536 491 3590 donatur
508 3537 544 3592 A.
617 3542 651 3591 27
670 3553 703 3591 ae
721 3551 771 3590 om.
792 3535 827 3590 P.
