<?xml version="1.0" encoding="UTF-8"?>
<!DOCTYPE html PUBLIC "-//W3C//DTD XHTML 1.0 Transitional//EN"
    "http://www.w3.org/TR/xhtml1/DTD/xhtml1-transitional.dtd">
<html xmlns="http://www.w3.org/1999/xhtml" xml:lang="en" lang="en">
 <head>
  <title>
</title>
<meta http-equiv="Content-Type" content="text/html;charset=utf-8" />
  <meta name='ocr-system' content='tesseract 3.04.00' />
  <meta name='ocr-capabilities' content='ocr_page ocr_carea ocr_par ocr_line ocrx_word'/>
</head>
<body>
  <div class='ocr_page' id='page_1' title='image "./domitiivlpianiq00huscgoog/domitiivlpianiq00huscgoog_0538.png"; bbox 0 0 2370 3938; ppageno 0'>
   <div class='ocr_carea' id='block_1_1' title="bbox 301 230 771 292">
    <p class='ocr_par' dir='ltr' id='par_1_1' title="bbox 301 230 771 292">
     <span class='ocr_line' id='line_1_1' title="bbox 301 230 771 292; baseline 0.006 -4"><span class='ocrx_word' id='word_1_1' title='bbox 301 230 593 290; x_wconf 77' lang='lat' dir='ltr'><strong>ARGONAUTIOON</strong></span> <span class='ocrx_word' id='word_1_2' title='bbox 610 233 720 290; x_wconf 83' lang='lat' dir='ltr'>LIBER</span> <span class='ocrx_word' id='word_1_3' title='bbox 737 234 771 292; x_wconf 86' lang='lat' dir='ltr'><strong>V.</strong></span> 
     </span>
    </p>
   </div>
   <div class='ocr_carea' id='block_1_2' title="bbox 20 382 1040 3640">
    <p class='ocr_par' dir='ltr' id='par_1_2' title="bbox 29 382 774 464">
     <span class='ocr_line' id='line_1_2' title="bbox 29 382 774 464; baseline 0.004 -23"><span class='ocrx_word' id='word_1_4' title='bbox 29 383 139 442; x_wconf 81' lang='lat' dir='ltr'>adnuet</span> <span class='ocrx_word' id='word_1_5' title='bbox 161 384 239 464; x_wconf 93' lang='lat' dir='ltr'><strong>ipse,</strong></span> <span class='ocrx_word' id='word_1_6' title='bbox 262 401 345 463; x_wconf 87' lang='lat' dir='ltr'><strong>reor;</strong></span> <span class='ocrx_word' id='word_1_7' title='bbox 368 399 465 460; x_wconf 89' lang='lat' dir='ltr'><strong>neque</strong></span> <span class='ocrx_word' id='word_1_8' title='bbox 488 382 669 444; x_wconf 80' lang='lat' dir='ltr'><strong>inexorabile</strong></span> <span class='ocrx_word' id='word_1_9' title='bbox 693 391 774 444; x_wconf 90' lang='lat' dir='ltr'><strong>certe</strong></span> 
     </span>
    </p>

    <p class='ocr_par' dir='ltr' id='par_1_3' title="bbox 26 470 893 726">
     <span class='ocr_line' id='line_1_3' title="bbox 28 470 893 574; baseline 0.005 -44"><span class='ocrx_word' id='word_1_10' title='bbox 28 471 109 549; x_wconf 94' lang='lat' dir='ltr'><strong>quod</strong></span> <span class='ocrx_word' id='word_1_11' title='bbox 131 474 274 574; x_wconf 85' lang='lat' dir='ltr'><strong>petimus:</strong></span> <span class='ocrx_word' id='word_1_12' title='bbox 298 473 344 531; x_wconf 91' lang='lat' dir='ltr'><strong>sin</strong></span> <span class='ocrx_word' id='word_1_13' title='bbox 367 488 440 530; x_wconf 92' lang='lat' dir='ltr'><strong>uero</strong></span> <span class='ocrx_word' id='word_1_14' title='bbox 463 487 569 553; x_wconf 89' lang='lat' dir='ltr'><strong>preces</strong></span> <span class='ocrx_word' id='word_1_15' title='bbox 592 479 623 532; x_wconf 87' lang='lat' dir='ltr'><strong>et</strong></span> <span class='ocrx_word' id='word_1_16' title='bbox 644 470 723 533; x_wconf 88' lang='lat' dir='ltr'><strong>dicta</strong></span> <span class='ocrx_word' id='word_1_17' title='bbox 746 471 893 552; x_wconf 87' lang='lat' dir='ltr'><strong>superbus</strong></span> 
     </span>
     <span class='ocr_line' id='line_1_4' title="bbox 26 559 819 649; baseline 0.003 -30"><span class='ocrx_word' id='word_1_18' title='bbox 26 561 191 649; x_wconf 87' lang='lat' dir='ltr'><strong>respuerit,</strong></span> <span class='ocrx_word' id='word_1_19' title='bbox 214 562 273 620; x_wconf 89' lang='lat' dir='ltr'><strong>iam</strong></span> <span class='ocrx_word' id='word_1_20' title='bbox 295 577 375 619; x_wconf 91' lang='lat' dir='ltr'><strong>nunc</strong></span> <span class='ocrx_word' id='word_1_21' title='bbox 399 559 512 619; x_wconf 90' lang='lat' dir='ltr'><strong>animos</strong></span> <span class='ocrx_word' id='word_1_22' title='bbox 534 559 649 620; x_wconf 85' lang='lat' dir='ltr'><strong>firmate</strong></span> <span class='ocrx_word' id='word_1_23' title='bbox 672 559 819 642; x_wconf 83' lang='lat' dir='ltr'>repulsae,</span> 
     </span>
     <span class='ocr_line' id='line_1_5' title="bbox 27 647 791 728; baseline 0 -20"><span class='ocrx_word' id='word_1_24' title='bbox 27 665 146 726; x_wconf 93' lang='lat' dir='ltr'><strong>quaque</strong></span> <span class='ocrx_word' id='word_1_25' title='bbox 168 649 218 708; x_wconf 91' lang='grc'><strong>313</strong></span> <span class='ocrx_word' id='word_1_26' title='bbox 240 649 345 726; x_wconf 87' lang='lat' dir='ltr'><strong>patriis</strong></span> <span class='ocrx_word' id='word_1_27' title='bbox 368 665 401 706; x_wconf 92' lang='lat' dir='ltr'><strong>re</strong></span> <span class='ocrx_word' id='word_1_28' title='bbox 404 647 533 707; x_wconf 86' lang='lat' dir='ltr'><strong>ieramus</strong></span> <span class='ocrx_word' id='word_1_29' title='bbox 557 647 669 708; x_wconf 90' lang='lat' dir='ltr'><strong>uellera</strong></span> <span class='ocrx_word' id='word_1_30' title='bbox 692 651 791 728; x_wconf 90' lang='lat' dir='ltr'><strong>terris,</strong></span> 
     </span>
    </p>

    <p class='ocr_par' dir='ltr' id='par_1_4' title="bbox 24 732 921 1167">
     <span class='ocr_line' id='line_1_6' title="bbox 27 732 862 815; baseline 0.001 -19"><span class='ocrx_word' id='word_1_31' title='bbox 27 743 87 796; x_wconf 88' lang='lat' dir='ltr'><strong>stet</strong></span> <span class='ocrx_word' id='word_1_32' title='bbox 109 739 221 815; x_wconf 88' lang='lat' dir='ltr'><strong>potius:</strong></span> <span class='ocrx_word' id='word_1_33' title='bbox 244 734 336 796; x_wconf 91' lang='lat' dir='ltr'><strong>rebus</strong></span> <span class='ocrx_word' id='word_1_34' title='bbox 360 752 477 814; x_wconf 84' lang='lat' dir='ltr'><strong>semper</strong></span> <span class='ocrx_word' id='word_1_35' title='bbox 499 753 594 814; x_wconf 93' lang='lat' dir='ltr'><strong>pauor</strong></span> <span class='ocrx_word' id='word_1_36' title='bbox 617 735 723 797; x_wconf 88' lang='lat' dir='ltr'><strong>absit</strong></span> <span class='ocrx_word' id='word_1_37' title='bbox 715 754 747 797; x_wconf 90' lang='lat' dir='ltr'><strong>rn</strong></span> <span class='ocrx_word' id='word_1_38' title='bbox 770 732 862 798; x_wconf 88' lang='lat' dir='ltr'><strong>a.rtis’</strong></span> 
     </span>
     <span class='ocr_line' id='line_1_7' title="bbox 26 822 921 905; baseline 0.002 -21"><span class='ocrx_word' id='word_1_39' title='bbox 26 823 155 905; x_wconf 80' lang='lat' dir='ltr'><strong>dixerat,</strong></span> <span class='ocrx_word' id='word_1_40' title='bbox 179 833 208 885; x_wconf 96' lang='grc'><strong>33</strong></span> <span class='ocrx_word' id='word_1_41' title='bbox 232 822 399 902; x_wconf 72' lang='lat' dir='ltr'><strong>Scythicam</strong></span> <span class='ocrx_word' id='word_1_42' title='bbox 423 826 529 901; x_wconf 92' lang='lat' dir='ltr'><strong>quise</strong></span> <span class='ocrx_word' id='word_1_43' title='bbox 554 826 733 884; x_wconf 81' lang='lat' dir='ltr'><strong>comitentur</strong></span> <span class='ocrx_word' id='word_1_44' title='bbox 756 824 791 885; x_wconf 93' lang='lat' dir='ltr'><strong>ad</strong></span> <span class='ocrx_word' id='word_1_45' title='bbox 814 824 921 886; x_wconf 90' lang='lat' dir='ltr'><strong>urbem</strong></span> 
     </span>
     <span class='ocr_line' id='line_1_8' title="bbox 26 911 897 994; baseline 0.003 -23"><span class='ocrx_word' id='word_1_46' title='bbox 26 920 109 972; x_wconf 84' lang='lat' dir='ltr'><strong>sorte</strong></span> <span class='ocrx_word' id='word_1_47' title='bbox 133 911 216 994; x_wconf 87' lang='lat' dir='ltr'><strong>legit,</strong></span> <span class='ocrx_word' id='word_1_48' title='bbox 239 929 424 990; x_wconf 86' lang='lat' dir='ltr'><strong>numeroque</strong></span> <span class='ocrx_word' id='word_1_49' title='bbox 447 929 557 971; x_wconf 89' lang='lat' dir='ltr'><strong>nouem</strong></span> <span class='ocrx_word' id='word_1_50' title='bbox 579 911 731 973; x_wconf 89' lang='lat' dir='ltr'><strong>ducuntur</strong></span> <span class='ocrx_word' id='word_1_51' title='bbox 754 913 790 973; x_wconf 91' lang='lat' dir='ltr'><strong>ab</strong></span> <span class='ocrx_word' id='word_1_52' title='bbox 809 917 897 974; x_wconf 88' lang='lat' dir='ltr'><strong>omui.</strong></span> 
     </span>
     <span class='ocr_line' id='line_1_9' title="bbox 24 998 800 1080; baseline 0.001 -19"><span class='ocrx_word' id='word_1_53' title='bbox 24 999 96 1061; x_wconf 94' lang='lat' dir='ltr'><strong>inde</strong></span> <span class='ocrx_word' id='word_1_54' title='bbox 120 1003 200 1060; x_wconf 90' lang='lat' dir='ltr'><strong>uiam</strong></span> <span class='ocrx_word' id='word_1_55' title='bbox 223 1019 281 1078; x_wconf 88' lang='lat' dir='ltr'><strong>qua</strong></span> <span class='ocrx_word' id='word_1_56' title='bbox 304 998 418 1060; x_wconf 77' lang='lat' dir='ltr'><strong>Circaei</strong></span> <span class='ocrx_word' id='word_1_57' title='bbox 441 999 525 1077; x_wconf 86' lang='lat' dir='ltr'><strong>plaga</strong></span> <span class='ocrx_word' id='word_1_58' title='bbox 547 1002 681 1079; x_wconf 88' lang='lat' dir='ltr'><strong>proxima</strong></span> <span class='ocrx_word' id='word_1_59' title='bbox 704 1004 800 1080; x_wconf 89' lang='lat' dir='ltr'><strong>campi</strong></span> 
     </span>
     <span class='ocr_line' id='line_1_10' title="bbox 25 1088 830 1167; baseline 0 -17"><span class='ocrx_word' id='word_1_60' title='bbox 25 1089 194 1167; x_wconf 89' lang='lat' dir='ltr'><strong>corripiunt</strong></span> <span class='ocrx_word' id='word_1_61' title='bbox 216 1096 383 1167; x_wconf 82' lang='lat' dir='ltr'><strong>regemque</strong></span> <span class='ocrx_word' id='word_1_62' title='bbox 400 1094 507 1166; x_wconf 89' lang='lat' dir='ltr'><strong>petunt</strong></span> <span class='ocrx_word' id='word_1_63' title='bbox 528 1089 587 1148; x_wconf 91' lang='lat' dir='ltr'><strong>iam</strong></span> <span class='ocrx_word' id='word_1_64' title='bbox 609 1088 676 1149; x_wconf 90' lang='lat' dir='ltr'><strong>luce</strong></span> <span class='ocrx_word' id='word_1_65' title='bbox 699 1088 830 1151; x_wconf 90' lang='lat' dir='ltr'><strong>reducta.</strong></span> 
     </span>
    </p>

    <p class='ocr_par' dir='ltr' id='par_1_5' title="bbox 20 1175 1040 3640">
     <span class='ocr_line' id='line_1_11' title="bbox 73 1175 905 1261; baseline 0.005 -26"><span class='ocrx_word' id='word_1_66' title='bbox 73 1175 160 1237; x_wconf 88' lang='lat' dir='ltr'><strong>Sorte</strong></span> <span class='ocrx_word' id='word_1_67' title='bbox 183 1175 273 1237; x_wconf 91' lang='lat' dir='ltr'><strong>deum</strong></span> <span class='ocrx_word' id='word_1_68' title='bbox 295 1177 387 1236; x_wconf 91' lang='lat' dir='ltr'><strong>uariis</strong></span> <span class='ocrx_word' id='word_1_69' title='bbox 409 1194 464 1254; x_wconf 92' lang='lat' dir='ltr'><strong>per</strong></span> <span class='ocrx_word' id='word_1_70' title='bbox 487 1185 606 1237; x_wconf 89' lang='lat' dir='ltr'><strong>noctem</strong></span> <span class='ocrx_word' id='word_1_71' title='bbox 627 1179 732 1237; x_wconf 89' lang='lat' dir='ltr'><strong>territa</strong></span> <span class='ocrx_word' id='word_1_72' title='bbox 755 1180 905 1261; x_wconf 85' lang='lat' dir='ltr'><strong>monstris,</strong></span> 
     </span>
     <span class='ocr_line' id='line_1_12' title="bbox 25 1263 867 1348; baseline 0 -23"><span class='ocrx_word' id='word_1_73' title='bbox 25 1273 162 1325; x_wconf 90' lang='lat' dir='ltr'><strong>senserat</strong></span> <span class='ocrx_word' id='word_1_74' title='bbox 183 1273 218 1325; x_wconf 90' lang='grc'><strong>33</strong></span> <span class='ocrx_word' id='word_1_75' title='bbox 239 1265 340 1345; x_wconf 91' lang='lat' dir='ltr'><strong>pulsas</strong></span> <span class='ocrx_word' id='word_1_76' title='bbox 363 1263 482 1324; x_wconf 90' lang='lat' dir='ltr'><strong>tandem</strong></span> <span class='ocrx_word' id='word_1_77' title='bbox 499 1263 602 1325; x_wconf 86' lang='lat' dir='ltr'><strong>Medea</strong></span> <span class='ocrx_word' id='word_1_78' title='bbox 625 1265 773 1348; x_wconf 85' lang='lat' dir='ltr'><strong>tenebras,</strong></span> <span class='ocrx_word' id='word_1_79' title='bbox 865 1291 867 1295; x_wconf 49' lang='lat'><em>⁴</em></span> 
     </span>
     <span class='ocr_line' id='line_1_13' title="bbox 23 1350 786 1431; baseline 0.003 -19"><span class='ocrx_word' id='word_1_80' title='bbox 23 1360 110 1431; x_wconf 90' lang='lat' dir='ltr'><strong>rapta</strong></span> <span class='ocrx_word' id='word_1_81' title='bbox 133 1355 208 1413; x_wconf 93' lang='lat' dir='ltr'><strong>toris</strong></span> <span class='ocrx_word' id='word_1_82' title='bbox 230 1354 320 1431; x_wconf 92' lang='lat' dir='ltr'><strong>primi</strong></span> <span class='ocrx_word' id='word_1_83' title='bbox 342 1350 428 1412; x_wconf 90' lang='lat' dir='ltr'><strong>iubar</strong></span> <span class='ocrx_word' id='word_1_84' title='bbox 451 1351 486 1412; x_wconf 93' lang='lat' dir='ltr'><strong>ad</strong></span> <span class='ocrx_word' id='word_1_85' title='bbox 509 1352 650 1431; x_wconf 87' lang='lat' dir='ltr'><strong>placabile</strong></span> <span class='ocrx_word' id='word_1_86' title='bbox 673 1353 786 1414; x_wconf 88' lang='lat' dir='ltr'><strong>Phoebi</strong></span> 
     </span>
     <span class='ocr_line' id='line_1_14' title="bbox 23 1440 781 1502; baseline 0.001 -1"><span class='ocrx_word' id='word_1_87' title='bbox 23 1440 87 1501; x_wconf 89' lang='lat' dir='ltr'><strong>ibat</strong></span> <span class='ocrx_word' id='word_1_88' title='bbox 110 1449 140 1500; x_wconf 88' lang='grc'><strong>33</strong></span> <span class='ocrx_word' id='word_1_89' title='bbox 162 1440 326 1500; x_wconf 82' lang='grc'>1131133333</span> <span class='ocrx_word' id='word_1_90' title='bbox 349 1440 647 1501; x_wconf 79' lang='grc'>133313331311331133</span> <span class='ocrx_word' id='word_1_91' title='bbox 670 1450 781 1502; x_wconf 88' lang='lat' dir='ltr'><strong>noctes.</strong></span> 
     </span>
     <span class='ocr_line' id='line_1_15' title="bbox 24 1528 759 1607; baseline 0 -18"><span class='ocrx_word' id='word_1_92' title='bbox 24 1546 155 1606; x_wconf 90' lang='lat' dir='ltr'><strong>namque</strong></span> <span class='ocrx_word' id='word_1_93' title='bbox 179 1536 333 1607; x_wconf 90' lang='lat' dir='ltr'><strong>soporatos</strong></span> <span class='ocrx_word' id='word_1_94' title='bbox 356 1530 454 1589; x_wconf 90' lang='lat' dir='ltr'><strong>tacitis</strong></span> <span class='ocrx_word' id='word_1_95' title='bbox 477 1530 508 1587; x_wconf 91' lang='grc'><strong>111</strong></span> <span class='ocrx_word' id='word_1_96' title='bbox 532 1528 652 1588; x_wconf 90' lang='lat' dir='ltr'><strong>sedibus</strong></span> <span class='ocrx_word' id='word_1_97' title='bbox 676 1537 759 1589; x_wconf 90' lang='lat' dir='ltr'><strong>artus</strong></span> 
     </span>
     <span class='ocr_line' id='line_1_16' title="bbox 24 1615 913 1699; baseline 0.001 -22"><span class='ocrx_word' id='word_1_98' title='bbox 24 1616 97 1677; x_wconf 92' lang='lat' dir='ltr'><strong>dum</strong></span> <span class='ocrx_word' id='word_1_99' title='bbox 120 1618 229 1695; x_wconf 89' lang='lat' dir='ltr'><strong>premit</strong></span> <span class='ocrx_word' id='word_1_100' title='bbox 252 1616 309 1677; x_wconf 91' lang='lat' dir='ltr'><strong>alta</strong></span> <span class='ocrx_word' id='word_1_101' title='bbox 333 1618 417 1695; x_wconf 90' lang='lat' dir='ltr'><strong>quies</strong></span> <span class='ocrx_word' id='word_1_102' title='bbox 440 1615 597 1695; x_wconf 89' lang='lat' dir='ltr'><strong>nullaeque</strong></span> <span class='ocrx_word' id='word_1_103' title='bbox 620 1619 651 1676; x_wconf 96' lang='grc'><strong>13</strong></span> <span class='ocrx_word' id='word_1_104' title='bbox 674 1619 791 1696; x_wconf 89' lang='lat' dir='ltr'><strong>uirgine</strong></span> <span class='ocrx_word' id='word_1_105' title='bbox 815 1635 913 1699; x_wconf 89' lang='lat' dir='ltr'><strong>curae,</strong></span> 
     </span>
     <span class='ocr_line' id='line_1_17' title="bbox 23 1703 767 1787; baseline 0 -22"><span class='ocrx_word' id='word_1_106' title='bbox 23 1708 91 1765; x_wconf 91' lang='lat' dir='ltr'><strong>uisa</strong></span> <span class='ocrx_word' id='word_1_107' title='bbox 112 1720 226 1783; x_wconf 88' lang='lat' dir='ltr'><strong>pauens</strong></span> <span class='ocrx_word' id='word_1_108' title='bbox 250 1706 340 1765; x_wconf 85' lang='lat' dir='ltr'><strong>castis</strong></span> <span class='ocrx_word' id='word_1_109' title='bbox 362 1703 488 1764; x_wconf 88' lang='lat' dir='ltr'><strong>Hecates</strong></span> <span class='ocrx_word' id='word_1_110' title='bbox 512 1704 655 1765; x_wconf 82' lang='lat' dir='ltr'><strong>excedere</strong></span> <span class='ocrx_word' id='word_1_111' title='bbox 678 1703 767 1787; x_wconf 80' lang='lat' dir='ltr'><strong>lucis3</strong></span> 
     </span>
     <span class='ocr_line' id='line_1_18' title="bbox 25 1791 865 1873; baseline 0.004 -22"><span class='ocrx_word' id='word_1_112' title='bbox 25 1792 156 1871; x_wconf 92' lang='lat' dir='ltr'><strong>dumque</strong></span> <span class='ocrx_word' id='word_1_113' title='bbox 179 1795 221 1871; x_wconf 95' lang='lat' dir='ltr'><strong>pii</strong></span> <span class='ocrx_word' id='word_1_114' title='bbox 243 1795 318 1872; x_wconf 90' lang='lat' dir='ltr'><strong>petit</strong></span> <span class='ocrx_word' id='word_1_115' title='bbox 342 1810 394 1851; x_wconf 93' lang='lat' dir='ltr'><strong>ora</strong></span> <span class='ocrx_word' id='word_1_116' title='bbox 416 1794 522 1873; x_wconf 89' lang='lat' dir='ltr'><strong>patris,</strong></span> <span class='ocrx_word' id='word_1_117' title='bbox 546 1795 630 1853; x_wconf 89' lang='lat' dir='ltr'><strong>stetit</strong></span> <span class='ocrx_word' id='word_1_118' title='bbox 652 1791 763 1854; x_wconf 89' lang='lat' dir='ltr'><strong>arduus</strong></span> <span class='ocrx_word' id='word_1_119' title='bbox 787 1795 865 1854; x_wconf 90' lang='lat' dir='ltr'><strong>inter</strong></span> 
     </span>
     <span class='ocr_line' id='line_1_19' title="bbox 23 1881 826 1964; baseline 0.002 -24"><span class='ocrx_word' id='word_1_120' title='bbox 23 1889 135 1961; x_wconf 91' lang='lat' dir='ltr'><strong>pontus</strong></span> <span class='ocrx_word' id='word_1_121' title='bbox 158 1889 189 1942; x_wconf 91' lang='grc'><strong>33</strong></span> <span class='ocrx_word' id='word_1_122' title='bbox 211 1882 325 1959; x_wconf 86' lang='lat' dir='ltr'><strong>ingenti</strong></span> <span class='ocrx_word' id='word_1_123' title='bbox 349 1883 463 1941; x_wconf 89' lang='lat' dir='ltr'><strong>circum</strong></span> <span class='ocrx_word' id='word_1_124' title='bbox 486 1882 651 1960; x_wconf 79' lang='lat' dir='ltr'><strong>stupefacta</strong></span> <span class='ocrx_word' id='word_1_125' title='bbox 668 1881 826 1964; x_wconf 89' lang='lat' dir='ltr'><strong>prolundo,</strong></span> 
     </span>
     <span class='ocr_line' id='line_1_20' title="bbox 23 1970 870 2049; baseline 0.002 -21"><span class='ocrx_word' id='word_1_126' title='bbox 23 1970 117 2029; x_wconf 89' lang='lat' dir='ltr'><strong>fratre</strong></span> <span class='ocrx_word' id='word_1_127' title='bbox 141 1977 240 2029; x_wconf 90' lang='lat' dir='ltr'><strong>tamen</strong></span> <span class='ocrx_word' id='word_1_128' title='bbox 263 1976 388 2029; x_wconf 89' lang='lat' dir='ltr'><strong>conante</strong></span> <span class='ocrx_word' id='word_1_129' title='bbox 413 1971 509 2047; x_wconf 90' lang='lat' dir='ltr'><strong>sequi:</strong></span> <span class='ocrx_word' id='word_1_130' title='bbox 533 1987 601 2029; x_wconf 88' lang='lat' dir='ltr'><strong>mox</strong></span> <span class='ocrx_word' id='word_1_131' title='bbox 624 1978 703 2030; x_wconf 92' lang='lat' dir='ltr'><strong>stare</strong></span> <span class='ocrx_word' id='word_1_132' title='bbox 726 1977 870 2049; x_wconf 88' lang='lat' dir='ltr'><strong>pauentes</strong></span> 
     </span>
     <span class='ocr_line' id='line_1_21' title="bbox 23 2051 877 2140; baseline 0.001 -23"><span class='ocrx_word' id='word_1_133' title='bbox 23 2057 142 2118; x_wconf 90' lang='lat' dir='ltr'><strong>uiderat</strong></span> <span class='ocrx_word' id='word_1_134' title='bbox 164 2059 277 2118; x_wconf 89' lang='lat' dir='ltr'><strong>intenta</strong></span> <span class='ocrx_word' id='word_1_135' title='bbox 299 2075 410 2136; x_wconf 92' lang='lat' dir='ltr'><strong>pueros</strong></span> <span class='ocrx_word' id='word_1_136' title='bbox 433 2076 506 2117; x_wconf 91' lang='lat' dir='ltr'><strong>nece</strong></span> <span class='ocrx_word' id='word_1_137' title='bbox 531 2076 621 2135; x_wconf 91' lang='lat' dir='ltr'><strong>seque</strong></span> <span class='ocrx_word' id='word_1_138' title='bbox 646 2051 877 2140; x_wconf 88' lang='lat' dir='ltr'><strong>(tremenduml)</strong></span> 
     </span>
     <span class='ocr_line' id='line_1_22' title="bbox 24 2144 949 2225; baseline 0.002 -21"><span class='ocrx_word' id='word_1_139' title='bbox 24 2163 165 2225; x_wconf 87' lang='lat' dir='ltr'><strong>spargere</strong></span> <span class='ocrx_word' id='word_1_140' title='bbox 189 2146 278 2206; x_wconf 90' lang='lat' dir='ltr'><strong>caede</strong></span> <span class='ocrx_word' id='word_1_141' title='bbox 301 2163 407 2206; x_wconf 90' lang='lat' dir='ltr'><strong>manus</strong></span> <span class='ocrx_word' id='word_1_142' title='bbox 431 2153 460 2206; x_wconf 93' lang='grc'><strong>33</strong></span> <span class='ocrx_word' id='word_1_143' title='bbox 481 2144 594 2205; x_wconf 87' lang='grc'>1313133</span> <span class='ocrx_word' id='word_1_144' title='bbox 616 2164 756 2225; x_wconf 89' lang='lat' dir='ltr'><strong>rumpere</strong></span> <span class='ocrx_word' id='word_1_145' title='bbox 780 2145 860 2207; x_wconf 88' lang='lat' dir='ltr'><strong>lietu.</strong></span> <span class='ocrx_word' id='word_1_146' title='bbox 947 2174 949 2178; x_wconf 46' lang='lat'><strong><em>⁴</em></strong></span> 
     </span>
     <span class='ocr_line' id='line_1_23' title="bbox 23 2232 773 2313; baseline 0.001 -20"><span class='ocrx_word' id='word_1_147' title='bbox 23 2233 72 2293; x_wconf 93' lang='lat' dir='ltr'><strong>his</strong></span> <span class='ocrx_word' id='word_1_148' title='bbox 95 2232 213 2294; x_wconf 90' lang='lat' dir='ltr'><strong>turbata</strong></span> <span class='ocrx_word' id='word_1_149' title='bbox 235 2236 323 2294; x_wconf 90' lang='lat' dir='ltr'><strong>minis</strong></span> <span class='ocrx_word' id='word_1_150' title='bbox 346 2234 454 2294; x_wconf 85' lang='lat' dir='ltr'><strong>fluuios</strong></span> <span class='ocrx_word' id='word_1_151' title='bbox 477 2236 630 2312; x_wconf 87' lang='lat' dir='ltr'><strong>ripamque</strong></span> <span class='ocrx_word' id='word_1_152' title='bbox 653 2234 773 2313; x_wconf 91' lang='lat' dir='ltr'><strong>petebat</strong></span> 
     </span>
     <span class='ocr_line' id='line_1_24' title="bbox 23 2320 825 2400; baseline 0.001 -19"><span class='ocrx_word' id='word_1_153' title='bbox 23 2320 160 2381; x_wconf 89' lang='lat' dir='ltr'><strong>Phasidis</strong></span> <span class='ocrx_word' id='word_1_154' title='bbox 184 2321 297 2400; x_wconf 91' lang='lat' dir='ltr'><strong>aequali</strong></span> <span class='ocrx_word' id='word_1_155' title='bbox 317 2321 491 2400; x_wconf 87' lang='lat' dir='ltr'><strong>Scythidum</strong></span> <span class='ocrx_word' id='word_1_156' title='bbox 514 2324 673 2383; x_wconf 87' lang='lat' dir='ltr'><strong>comitante</strong></span> <span class='ocrx_word' id='word_1_157' title='bbox 697 2329 825 2382; x_wconf 90' lang='lat' dir='ltr'><strong>caterua.</strong></span> 
     </span>
     <span class='ocr_line' id='line_1_25' title="bbox 24 2409 772 2490; baseline 0.001 -21"><span class='ocrx_word' id='word_1_158' title='bbox 24 2409 117 2469; x_wconf 89' lang='lat' dir='ltr'><strong>llorca</strong></span> <span class='ocrx_word' id='word_1_159' title='bbox 139 2427 193 2488; x_wconf 95' lang='lat' dir='ltr'><strong>per</strong></span> <span class='ocrx_word' id='word_1_160' title='bbox 216 2413 303 2470; x_wconf 91' lang='lat' dir='ltr'><strong>uerni</strong></span> <span class='ocrx_word' id='word_1_161' title='bbox 327 2409 421 2488; x_wconf 90' lang='lat' dir='ltr'><strong>qualis</strong></span> <span class='ocrx_word' id='word_1_162' title='bbox 444 2413 512 2488; x_wconf 91' lang='lat' dir='ltr'><strong>iuga</strong></span> <span class='ocrx_word' id='word_1_163' title='bbox 535 2410 619 2470; x_wconf 90' lang='lat' dir='ltr'><strong>duxit</strong></span> <span class='ocrx_word' id='word_1_164' title='bbox 641 2409 772 2490; x_wconf 82' lang='lat' dir='ltr'><strong>Hymetti</strong></span> 
     </span>
     <span class='ocr_line' id='line_1_26' title="bbox 23 2496 923 2578; baseline 0.002 -22"><span class='ocrx_word' id='word_1_165' title='bbox 23 2504 76 2557; x_wconf 92' lang='lat' dir='ltr'><strong>aut</strong></span> <span class='ocrx_word' id='word_1_166' title='bbox 100 2496 198 2558; x_wconf 90' lang='lat' dir='ltr'><strong>Sicula</strong></span> <span class='ocrx_word' id='word_1_167' title='bbox 222 2497 277 2558; x_wconf 91' lang='lat' dir='ltr'><strong>sub</strong></span> <span class='ocrx_word' id='word_1_168' title='bbox 300 2516 375 2577; x_wconf 93' lang='lat' dir='ltr'><strong>rupe</strong></span> <span class='ocrx_word' id='word_1_169' title='bbox 399 2498 507 2558; x_wconf 90' lang='lat' dir='ltr'><strong>choros</strong></span> <span class='ocrx_word' id='word_1_170' title='bbox 529 2498 599 2559; x_wconf 91' lang='lat' dir='ltr'><strong>hinc</strong></span> <span class='ocrx_word' id='word_1_171' title='bbox 622 2498 774 2578; x_wconf 89' lang='lat' dir='ltr'><strong>gressibus</strong></span> <span class='ocrx_word' id='word_1_172' title='bbox 796 2499 923 2560; x_wconf 91' lang='lat' dir='ltr'><strong>haerens</strong></span> 
     </span>
     <span class='ocr_line' id='line_1_27' title="bbox 22 2584 824 2669; baseline 0.005 -25"><span class='ocrx_word' id='word_1_173' title='bbox 22 2584 158 2645; x_wconf 91' lang='lat' dir='ltr'><strong>Pallados</strong></span> <span class='ocrx_word' id='word_1_174' title='bbox 180 2585 250 2646; x_wconf 90' lang='lat' dir='ltr'><strong>hinc</strong></span> <span class='ocrx_word' id='word_1_175' title='bbox 274 2604 359 2646; x_wconf 89' lang='lat' dir='ltr'><strong>carae</strong></span> <span class='ocrx_word' id='word_1_176' title='bbox 382 2587 561 2666; x_wconf 91' lang='lat' dir='ltr'><strong>Proserpina</strong></span> <span class='ocrx_word' id='word_1_177' title='bbox 584 2589 685 2648; x_wconf 91' lang='lat' dir='ltr'><strong>iuncta</strong></span> <span class='ocrx_word' id='word_1_178' title='bbox 707 2587 824 2669; x_wconf 84' lang='lat' dir='ltr'><strong>Dianae,</strong></span> 
     </span>
     <span class='ocr_line' id='line_1_28' title="bbox 23 2673 826 2758; baseline 0.005 -26"><span class='ocrx_word' id='word_1_179' title='bbox 23 2673 111 2733; x_wconf 91' lang='lat' dir='ltr'><strong>altior</strong></span> <span class='ocrx_word' id='word_1_180' title='bbox 135 2693 168 2733; x_wconf 94' lang='grc'><strong>33</strong></span> <span class='ocrx_word' id='word_1_181' title='bbox 192 2673 271 2734; x_wconf 90' lang='grc'>33113</span> <span class='ocrx_word' id='word_1_182' title='bbox 295 2676 437 2734; x_wconf 90' lang='lat' dir='ltr'><strong>comitum</strong></span> <span class='ocrx_word' id='word_1_183' title='bbox 461 2683 606 2758; x_wconf 90' lang='lat' dir='ltr'><strong>certante,</strong></span> <span class='ocrx_word' id='word_1_184' title='bbox 629 2678 713 2755; x_wconf 90' lang='lat' dir='ltr'><strong>prius</strong></span> <span class='ocrx_word' id='word_1_185' title='bbox 737 2694 826 2754; x_wconf 91' lang='lat' dir='ltr'><strong>quam</strong></span> 
     </span>
     <span class='ocr_line' id='line_1_29' title="bbox 21 2760 785 2841; baseline 0.005 -21"><span class='ocrx_word' id='word_1_186' title='bbox 21 2760 128 2841; x_wconf 91' lang='lat' dir='ltr'><strong>palluit</strong></span> <span class='ocrx_word' id='word_1_187' title='bbox 151 2769 182 2821; x_wconf 90' lang='lat' dir='ltr'><strong>et</strong></span> <span class='ocrx_word' id='word_1_188' title='bbox 203 2765 269 2822; x_wconf 91' lang='lat' dir='ltr'><strong>uiso</strong></span> <span class='ocrx_word' id='word_1_189' title='bbox 292 2762 403 2841; x_wconf 87' lang='lat' dir='ltr'><strong>pulsus</strong></span> <span class='ocrx_word' id='word_1_190' title='bbox 421 2762 511 2822; x_wconf 92' lang='lat' dir='ltr'><strong>decor</strong></span> <span class='ocrx_word' id='word_1_191' title='bbox 534 2766 630 2824; x_wconf 91' lang='lat' dir='ltr'><strong>omnis</strong></span> <span class='ocrx_word' id='word_1_192' title='bbox 654 2765 785 2824; x_wconf 75' lang='lat' dir='ltr'><strong>Auerno:</strong></span> 
     </span>
     <span class='ocr_line' id='line_1_30' title="bbox 22 2849 811 2932; baseline 0.001 -22"><span class='ocrx_word' id='word_1_193' title='bbox 22 2849 90 2910; x_wconf 90' lang='lat' dir='ltr'><strong>talis</strong></span> <span class='ocrx_word' id='word_1_194' title='bbox 113 2852 196 2910; x_wconf 93' lang='lat' dir='ltr'><strong>etin</strong></span> <span class='ocrx_word' id='word_1_195' title='bbox 219 2852 303 2910; x_wconf 83' lang='lat' dir='ltr'><strong>uitiis</strong></span> <span class='ocrx_word' id='word_1_196' title='bbox 327 2853 460 2932; x_wconf 86' lang='lat' dir='ltr'><strong>geminae</strong></span> <span class='ocrx_word' id='word_1_197' title='bbox 484 2869 553 2911; x_wconf 91' lang='lat' dir='ltr'><strong>eum</strong></span> <span class='ocrx_word' id='word_1_198' title='bbox 575 2851 686 2912; x_wconf 89' lang='lat' dir='ltr'><strong>lumine</strong></span> <span class='ocrx_word' id='word_1_199' title='bbox 709 2852 811 2911; x_wconf 90' lang='lat' dir='ltr'><strong>taedae</strong></span> 
     </span>
     <span class='ocr_line' id='line_1_31' title="bbox 23 2936 815 3018; baseline 0 -21"><span class='ocrx_word' id='word_1_200' title='bbox 23 2936 141 2997; x_wconf 86' lang='lat' dir='ltr'><strong>Colchis</strong></span> <span class='ocrx_word' id='word_1_201' title='bbox 165 2945 230 2999; x_wconf 92' lang='lat' dir='ltr'><strong>erat</strong></span> <span class='ocrx_word' id='word_1_202' title='bbox 252 2938 384 2998; x_wconf 92' lang='lat' dir='ltr'><strong>nondum</strong></span> <span class='ocrx_word' id='word_1_203' title='bbox 407 2941 533 2998; x_wconf 88' lang='lat' dir='ltr'><strong>miseros</strong></span> <span class='ocrx_word' id='word_1_204' title='bbox 558 2957 646 2999; x_wconf 93' lang='lat' dir='ltr'><strong>exosa</strong></span> <span class='ocrx_word' id='word_1_205' title='bbox 668 2947 815 3018; x_wconf 86' lang='lat' dir='ltr'><strong>parentes.</strong></span> 
     </span>
     <span class='ocr_line' id='line_1_32' title="bbox 21 3026 1040 3104; baseline 0 -19"><span class='ocrx_word' id='word_1_206' title='bbox 21 3033 57 3085; x_wconf 89' lang='lat' dir='ltr'><strong>ut</strong></span> <span class='ocrx_word' id='word_1_207' title='bbox 80 3026 186 3104; x_wconf 92' lang='lat' dir='ltr'><strong>procul</strong></span> <span class='ocrx_word' id='word_1_208' title='bbox 210 3029 336 3087; x_wconf 82' lang='lat' dir='ltr'><strong>extremi</strong></span> <span class='ocrx_word' id='word_1_209' title='bbox 355 3027 459 3104; x_wconf 87' lang='lat' dir='ltr'><strong>gelidis</strong></span> <span class='ocrx_word' id='word_1_210' title='bbox 482 3046 499 3086; x_wconf 95' lang='lat' dir='ltr'><strong>a</strong></span> <span class='ocrx_word' id='word_1_211' title='bbox 521 3026 652 3087; x_wconf 85' lang='lat' dir='ltr'><strong>fluminis</strong></span> <span class='ocrx_word' id='word_1_212' title='bbox 676 3026 763 3085; x_wconf 91' lang='lat' dir='ltr'><strong>undis</strong></span> <span class='ocrx_word' id='word_1_213' title='bbox 986 3034 1040 3085; x_wconf 79' lang='lat'><strong>850</strong></span> 
     </span>
     <span class='ocr_line' id='line_1_33' title="bbox 20 3114 745 3193; baseline 0 -21"><span class='ocrx_word' id='word_1_214' title='bbox 20 3115 119 3192; x_wconf 91' lang='lat' dir='ltr'><strong>prima</strong></span> <span class='ocrx_word' id='word_1_215' title='bbox 141 3117 224 3174; x_wconf 91' lang='lat' dir='ltr'><strong>uiros</strong></span> <span class='ocrx_word' id='word_1_216' title='bbox 248 3117 337 3175; x_wconf 88' lang='lat' dir='ltr'><strong>tacito</strong></span> <span class='ocrx_word' id='word_1_217' title='bbox 361 3114 437 3175; x_wconf 88' lang='lat' dir='ltr'><strong>uidit</strong></span> <span class='ocrx_word' id='word_1_218' title='bbox 459 3114 623 3193; x_wconf 90' lang='lat' dir='ltr'><strong>procedere</strong></span> <span class='ocrx_word' id='word_1_219' title='bbox 646 3131 745 3192; x_wconf 91' lang='lat' dir='ltr'><strong>passu,</strong></span> 
     </span>
     <span class='ocr_line' id='line_1_34' title="bbox 22 3200 852 3270; baseline -0.002 -8"><span class='ocrx_word' id='word_1_220' title='bbox 22 3200 158 3262; x_wconf 90' lang='lat' dir='ltr'><strong>substitit</strong></span> <span class='ocrx_word' id='word_1_221' title='bbox 181 3221 214 3263; x_wconf 93' lang='lat' dir='ltr'><strong>ao</strong></span> <span class='ocrx_word' id='word_1_222' title='bbox 237 3212 350 3264; x_wconf 90' lang='lat' dir='ltr'><strong>maesto</strong></span> <span class='ocrx_word' id='word_1_223' title='bbox 374 3205 523 3270; x_wconf 87' lang='lat' dir='ltr'><strong>nutricem</strong></span> <span class='ocrx_word' id='word_1_224' title='bbox 546 3202 640 3262; x_wconf 85' lang='lat' dir='ltr'><strong>adlata</strong></span> <span class='ocrx_word' id='word_1_225' title='bbox 663 3203 769 3261; x_wconf 91' lang='lat' dir='ltr'><strong>timore</strong></span> <span class='ocrx_word' id='word_1_226' title='bbox 793 3207 852 3260; x_wconf 85' lang='lat' dir='ltr'><strong>est:</strong></span> 
     </span>
     <span class='ocr_line' id='line_1_35' title="bbox 23 3286 989 3373; baseline -0.002 -23"><span class='ocrx_word' id='word_1_227' title='bbox 23 3286 112 3369; x_wconf 81' lang='lat' dir='ltr'><strong>‘quae</strong></span> <span class='ocrx_word' id='word_1_228' title='bbox 135 3309 240 3353; x_wconf 89' lang='lat' dir='ltr'><strong>manus</strong></span> <span class='ocrx_word' id='word_1_229' title='bbox 263 3292 350 3373; x_wconf 92' lang='lat' dir='ltr'><strong>haec,</strong></span> <span class='ocrx_word' id='word_1_230' title='bbox 373 3299 456 3352; x_wconf 91' lang='lat' dir='ltr'><strong>certo</strong></span> <span class='ocrx_word' id='word_1_231' title='bbox 481 3310 536 3351; x_wconf 90' lang='lat' dir='ltr'><strong>ceu</strong></span> <span class='ocrx_word' id='word_1_232' title='bbox 560 3308 607 3350; x_wconf 93' lang='lat' dir='ltr'><strong>me</strong></span> <span class='ocrx_word' id='word_1_233' title='bbox 630 3296 712 3369; x_wconf 93' lang='lat' dir='ltr'><strong>petat</strong></span> <span class='ocrx_word' id='word_1_234' title='bbox 735 3292 863 3370; x_wconf 92' lang='lat' dir='ltr'><strong>agmine,</strong></span> <span class='ocrx_word' id='word_1_235' title='bbox 886 3296 989 3370; x_wconf 90' lang='lat' dir='ltr'><strong>mater,</strong></span> 
     </span>
     <span class='ocr_line' id='line_1_36' title="bbox 21 3373 896 3461; baseline 0 -23"><span class='ocrx_word' id='word_1_236' title='bbox 21 3378 145 3441; x_wconf 90' lang='lat' dir='ltr'><strong>aduenit</strong></span> <span class='ocrx_word' id='word_1_237' title='bbox 167 3380 239 3441; x_wconf 92' lang='lat' dir='ltr'><strong>haut</strong></span> <span class='ocrx_word' id='word_1_238' title='bbox 263 3383 367 3461; x_wconf 90' lang='lat' dir='ltr'><strong>armis,</strong></span> <span class='ocrx_word' id='word_1_239' title='bbox 391 3379 469 3440; x_wconf 92' lang='lat' dir='ltr'><strong>haud</strong></span> <span class='ocrx_word' id='word_1_240' title='bbox 488 3396 629 3457; x_wconf 91' lang='lat' dir='ltr'><strong>umquam</strong></span> <span class='ocrx_word' id='word_1_241' title='bbox 653 3381 769 3457; x_wconf 89' lang='lat' dir='ltr'><strong>cognita</strong></span> <span class='ocrx_word' id='word_1_242' title='bbox 792 3373 896 3439; x_wconf 80' lang='lat' dir='ltr'><strong>cultu?</strong></span> 
     </span>
     <span class='ocr_line' id='line_1_37' title="bbox 21 3461 1039 3552; baseline -0.002 -24"><span class='ocrx_word' id='word_1_243' title='bbox 21 3485 134 3548; x_wconf 90' lang='lat' dir='ltr'><strong>quaere</strong></span> <span class='ocrx_word' id='word_1_244' title='bbox 159 3470 270 3552; x_wconf 84' lang='lat' dir='ltr'><strong>lugam,</strong></span> <span class='ocrx_word' id='word_1_245' title='bbox 293 3487 414 3551; x_wconf 90' lang='lat' dir='ltr'><strong>precor,</strong></span> <span class='ocrx_word' id='word_1_246' title='bbox 439 3476 468 3528; x_wconf 92' lang='grc'><strong>33</strong></span> <span class='ocrx_word' id='word_1_247' title='bbox 491 3476 572 3528; x_wconf 91' lang='grc'>33333</span> <span class='ocrx_word' id='word_1_248' title='bbox 596 3469 791 3551; x_wconf 87' lang='lat' dir='ltr'><strong>circumspice</strong></span> <span class='ocrx_word' id='word_1_249' title='bbox 815 3461 927 3528; x_wconf 84' lang='lat' dir='ltr'><strong>saltus&#39;</strong></span> <span class='ocrx_word' id='word_1_250' title='bbox 986 3477 1039 3528; x_wconf 80' lang='grc'><strong>333</strong></span> 
     </span>
     <span class='ocr_line' id='line_1_38' title="bbox 21 3555 719 3640; baseline 0.001 -23"><span class='ocrx_word' id='word_1_251' title='bbox 21 3555 106 3618; x_wconf 91' lang='lat' dir='ltr'><strong>audit</strong></span> <span class='ocrx_word' id='word_1_252' title='bbox 129 3559 258 3637; x_wconf 91' lang='lat' dir='ltr'><strong>uirginei</strong></span> <span class='ocrx_word' id='word_1_253' title='bbox 282 3566 383 3619; x_wconf 88' lang='grc'>333333</span> <span class='ocrx_word' id='word_1_254' title='bbox 407 3556 573 3637; x_wconf 88' lang='lat' dir='ltr'><strong>grandaeua</strong></span> <span class='ocrx_word' id='word_1_255' title='bbox 595 3557 719 3640; x_wconf 91' lang='lat' dir='ltr'><strong>pudoris</strong></span> 
     </span>
    </p>
   </div>
   <div class='ocr_carea' id='block_1_3' title="bbox 0 0 1190 3938">
    <p class='ocr_par' dir='ltr' id='par_1_6' title="bbox 0 0 1190 3938">
     <span class='ocr_line' id='line_1_39' title="bbox 0 0 1190 3938; baseline 0 2"><span class='ocrx_word' id='word_1_256' title='bbox 0 0 1190 3938; x_wconf 95' lang='lat' dir='ltr'><strong> </strong></span> 
     </span>
    </p>
   </div>
  </div>
 </body>
</html>
