2362 3938
110 190 175 254 156
527 191 636 246 LIBER
653 192 700 248 111.
719 243 722 251 .

107 352 322 438 transierant,
353 355 511 439 comperit
535 355 654 420 ibidem
684 377 781 440 super
803 356 1029 440 magnitudine
1054 354 1125 421 eius

106 440 217 524 gantis
256 463 293 505 ac
329 445 418 528 regis
456 446 617 527 potentia,
656 445 710 530 qui
742 443 914 509 Prasiacae
951 445 1123 528 potiretur.

107 525 233 612 Quippe
261 531 325 595 ista
353 531 508 597 Prasiaca
535 538 669 616 propter
698 554 853 602 oceanum
882 535 958 616 sita,
991 555 1055 617 quo
1086 534 1122 598 de

106 617 237 702 reliqua
246 618 416 684 hominum
435 622 533 684 turba
552 623 715 704 semotior,
735 622 797 687 hoc
817 623 856 686 ad
875 622 1123 686 multitudinem

74 725 93 766 s
108 727 235 792 quoque
263 707 386 793 largius
414 709 505 773 vivit.
550 708 700 773 Addebat
727 715 837 775 tamen
864 709 953 774 fama
980 714 1034 774 tot
1061 713 1122 774 ele-

107 795 305 878 phantorum
337 797 436 861 etiam
469 799 560 862 milia
590 819 662 862 esse
691 800 779 884 regi,
811 802 890 884 quot
922 799 1008 880 apud
1041 800 1122 864 alios

107 885 297 970 plerumque
334 907 430 970 super
464 886 648 951 hominibus
681 889 868 952 mentiatur.
921 886 983 950 His
1020 888 1123 972 igitur

108 975 282 1058 compertis
303 975 486 1040 Alexander
507 975 648 1039 limitem·
667 975 890 1039 huiuscemodi
911 975 975 1039 loci
1000 977 1121 1041 sensim

106 1062 218 1146 legens
247 1064 395 1128 civitates
425 1064 492 1129 eius
521 1064 673 1128 invadere
703 1086 740 1128 ac
764 1063 884 1128 dicioni
907 1085 985 1127 suae
1010 1065 1120 1128 vendi-

67 1170 92 1210 ιο
106 1170 179 1214 care
201 1173 267 1215 non
286 1153 424 1238 negligit
447 1158 479 1217 et
502 1153 661 1217 sacrificia
681 1153 742 1216 diis
767 1152 1008 1217 immortalibus
1033 1152 1120 1219 facit.

195 1237 254 1305 48.
279 1239 368 1316 Quae
392 1264 464 1305 cum
488 1241 627 1305 maxime
651 1247 907 1325 persequeretur,
931 1241 972 1304 ab
995 1242 1120 1307 Aristo·
1138 1252 1170 1303 79

105 1326 170 1390 tele
195 1329 367 1413 epistolam
391 1329 491 1393 sumit
514 1331 669 1413 scriptam
693 1330 727 1393 in
749 1329 835 1394 hunc
860 1329 1001 1395 modum.
1047 1329 1122 1394 ‘Per

105 1415 186 1481 mihi
217 1418 348 1482 difficile
377 1423 427 1483 est
454 1419 573 1504 eligere
597 1419 648 1482 vel
676 1418 823 1503 laudare,
851 1419 1037 1482 Alexander
1064 1421 1119 1502 mi,

106 1527 144 1570 ex
178 1507 265 1572 hisce
299 1507 449 1572 omnibus
483 1508 621 1592 aliquid,
656 1529 738 1590 quae
770 1511 803 1570 te
837 1507 870 1571 in
902 1508 966 1570 ista
999 1507 1120 1571 militia

65 1613 91 1654 15
106 1597 247 1679 gessisse
266 1597 417 1680 cognovi,
441 1618 576 1681 eamque
598 1595 679 1659 mibi
699 1617 769 1660 esse
788 1596 986 1659 sententiam
1005 1595 1119 1661 Iovem

104 1688 222 1748 testem
250 1683 334 1748 facio
359 1683 620 1770 Neptunumque.
667 1684 772 1761 Quare
801 1685 862 1749 diis
890 1684 1032 1768 primum
1061 1686 1120 1748 im·

105 1773 300 1837 mortalibus
324 1774 508 1858 deabusque
534 1796 596 1858 ago
621 1775 744 1858 gratias
770 1777 1003 1857 competentes,
1033 1775 1118 1857 quod

103 1881 232 1925 emenso
246 1877 248 1880 ⁴
263 1862 324 1925 tibi
352 1862 449 1927 hasce
474 1863 609 1945 periculi
632 1863 839 1927 difficultates
863 1861 1119 1947 gratulationem

101 1949 212 2032 potius
252 1973 349 2034 quam
387 1952 542 2015 solatium
577 1952 698 2030 acribo,
731 1952 850 2036 quippe
886 1973 980 2037 quem
1017 1952 1119 2014 sciam

62 2057 168 2102 aonon
192 2038 355 2104 bellorum
384 2040 480 2105 modo
508 2040 696 2104 discrimina
720 2041 873 2122 evasisse,
903 2061 1013 2102 verum
1039 2043 1118 2102 tem·

102 2146 218 2208 porum
253 2150 382 2213 quoque
415 2132 447 2191 et
479 2129 560 2192 caeli
592 2127 840 2192 difficultatibus
872 2149 939 2190 non
972 2128 1120 2191 cessisse.

48 2258 50 2263 -
102 2211 152 2278 Ex
172 2216 289 2299 quibus
314 2218 468 2300 colligere
488 2217 659 2280 admodum
678 2216 771 2279 facile
793 2218 851 2294 est,
875 2214 1120 2296 ambigendum,

102 2306 252 2367 utrumne
276 2309 309 2368 tc
332 2305 522 2389 prudentiae
546 2305 669 2368 viribus
697 2325 739 2366 an
765 2300 961 2365 tolerantiae
984 2298 1118 2364 fortitu-

103 2390 250 2477 dinisque
274 2394 380 2476 magis
403 2393 595 2476 praedicem.
642 2389 739 2457 Certe
766 2388 845 2453 illud
869 2388 929 2449 tibi
957 2386 1023 2449 iarn
1048 2386 1117 2451 Ho-

63 2500 90 2544 ra
104 2481 260 2545 mericum
284 2480 386 2562 adest,
410 2481 495 2563 quod
518 2481 585 2545 illic
609 2478 867 2563 sapientissimus
891 2474 1070 2560 gloriatur:

216 2600 444 2671 Multigenaaque
463 2600 546 2653 urbes
565 2600 709 2656 hominum
727 2613 874 2666 moresque
893 2599 999 2652 notavi.

104 2711 183 2791 Quis
218 2711 305 2775 enim
336 2709 586 2794 praedicationis
616 2710 691 2774 finis
721 2709 809 2773 istud
843 2709 947 2793 capit,
979 2708 1116 2790 triginta

103 2802 205 2866 ferme
230 2799 282 2864 vir
307 2821 409 2863 annos
433 2820 599 2862 emensum
622 2802 655 2862 te
679 2799 814 2863 orientis
840 2799 945 2864 omnis
972 2795 1115 2861 occiden-

104 2891 210 2974 tisque
234 2887 417 2953 dominari?
465 2887 585 2951 Bactra
613 2891 646 2950 te
670 2886 764 2971 vidit,
793 2886 968 2971 Aethiopia
997 2886 1116 2950 saluta·

196 3131 452 3205 lmagnitudinem
472 3133 504 3188 P.
564 3129 711 3200 3Quippe
732 3131 798 3184 dum
817 3131 850 3184 P.
881 3131 966 3183 situm
984 3127 1061 3206 quod
1081 3129 1115 3181 P.

105 3214 121 3262 8
141 3206 278 3262 eiusmodi
301 3205 333 3259 P.
419 3210 434 3257 9
455 3201 580 3258 civitatis
600 3205 633 3255 A.
666 3201 767 3257 ditioni
787 3217 854 3254 suae
873 3201 908 3254 A.
933 3198 1116 3252 dedicationis

106 3277 166 3334 eius
185 3279 218 3333 P.
293 3283 325 3333 10
349 3275 439 3330 Verbo
462 3275 503 3328 ‘et
522 3272 702 3327 sacrificia-
715 3279 745 3325 11
767 3269 990 3341 persequeretur'
1012 3283 1060 3320 om.
1080 3268 1115 3345 P.

195 3349 243 3404 48.
272 3355 306 3402 14
322 3345 367 3402 hi
386 3347 419 3402 P.
485 3350 518 3399 15
538 3361 598 3399 esse
616 3361 666 3398 om.
686 3344 718 3398 P.
784 3348 816 3395 18
834 3342 885 3395 has
905 3341 937 3394 P.
1005 3343 1039 3390 20
1058 3338 1115 3415 dis-

104 3420 209 3472 crimen
225 3419 256 3473 P.
300 3425 333 3473 22
353 3419 486 3488 colligere
504 3418 539 3471 A.
566 3416 699 3484 colligere
717 3429 870 3492 possumus,
882 3412 915 3466 P.
953 3415 986 3463 23
1003 3408 1115 3461 fortitu-

103 3489 235 3557 dinisque
247 3491 321 3544 Mai.
341 3488 514 3545 fortitudinis
524 3488 558 3541 A.
568 3488 601 3541 P.
639 3489 744 3541 24tam
759 3483 936 3538 Homericum
946 3482 981 3535 A.
1019 3484 1052 3532 26
1067 3493 1115 3531 no-

101 3560 162 3613 tavi
183 3576 253 3614 corr.
274 3577 308 3615 ex
325 3561 419 3615 notari
437 3561 472 3616 A.
502 3559 594 3614 notari
611 3559 645 3612 P.
