2362 3938
327 185 616 243 decennovenn
634 187 744 243 LIBER
761 188 808 243 IV.
1032 188 1076 255 67

58 334 257 416 Caucaseum,
280 352 333 395 rex
356 351 474 416 magne,
497 331 622 397 senem?
643 335 797 397 nullumne
819 335 965 399 malorum

59 422 151 483 linem
174 421 247 483 adeo
269 440 442 502 poenaeque
466 420 571 484 dabis?
592 431 623 484 te
646 431 753 486 cuncta
775 432 916 504 precatur

59 529 135 590 gens
158 509 313 571 bominum
326 510 422 590 adque
444 513 503 590 ipsi
526 513 584 572 iam
607 520 646 593 te,
669 521 753 592 pater
776 513 898 595 opime,
920 514 1018 579 tontes
1041 527 1076 577 ct

60 601 198 677 fessaque
223 617 291 660 cum
315 598 399 661 siluis
422 607 509 660 orant
531 602 607 680 iuga.
654 608 699 661 sat
721 600 775 661 tibi
798 601 912 666 lunum

60 689 138 766 ignis
162 696 193 747 et
215 687 364 748 aetheriae
388 685 510 748 defensa
532 688 648 750 silentia
671 684 812 751 mensae?

60 776 136 836 dixit
156 775 224 857 ubi,
246 795 262 836 e
287 775 416 855 scopulis
439 776 536 838 media
558 779 638 838 inter
660 777 769 857 pabula
791 777 850 841 diri

60 863 192 925 uulturis
214 867 280 944 ipse
303 866 393 925 etiam
416 866 527 943 gemitu
550 873 721 945 maestaque
744 867 847 945 fatigat

61 971 136 1014 uoce
160 951 264 1014 leuem
286 955 384 1014 saeuis
407 953 545 1014 releuans
567 954 703 1015 ambusta
724 955 841 1034 pruinis
1042 969 1078 1020 'to

61 1040 186 1122 lumina3
210 1043 418 1120 congeminant
440 1059 542 1103 amnes
565 1061 714 1122 rupesque
737 1043 886 1122 fragorem

62 1129 242 1210 Carreaseaq
265 1137 366 1209 stupet
389 1131 453 1209 ipse
476 1129 525 1190 dei
547 1130 727 1192 clamoribus
749 1131 818 1193 ales.

62 1227 134 1279 tunc
158 1221 248 1279 etiam
271 1236 395 1297 superas
418 1219 584 1280 Acheronte
608 1219 728 1281 auditus
750 1220 786 1281 ad
808 1238 894 1282 arces

62 1307 182 1387 Iapetus
206 1308 319 1387 grauis3
343 1314 478 1368 orantem
500 1308 606 1386 procrd
628 1317 711 1370 arcet
732 1308 842 1389 Erinys

62 1396 228 1475 respiciens
250 1395 323 1456 celsi
345 1394 441 1475 legem
463 1394 552 1457 louis.
596 1395 646 1457 ille
669 1397 793 1459 dearum

62 1484 183 1545 fletibus
206 1492 236 1544 et
258 1501 366 1564 magno
387 1482 501 1545 Phoebi
524 1493 691 1545 commotus
713 1483 826 1549 honore

62 1573 199 1634 uelocem
221 1574 317 1633 roseis
340 1572 470 1633 demittit
492 1572 622 1634 nubibus
646 1572 725 1634 lrim.

63 1657 99 1744 i,
121 1660 255 1741 Phrygas
278 1660 395 1722 Alcides
418 1670 450 1721 et
471 1660 577 1722 Troiae
601 1661 718 1722 differat
740 1678 830 1722 mma.

62 1744 155 1811 nunc'
180 1751 221 1810 ait
243 1744 363 1828 ‘eripiat
385 1748 467 1810 dirae
491 1749 597 1811 Titana
620 1744 757 1810 uolucri?

62 1838 131 1900 diua
154 1837 236 1898 uolat
258 1836 415 1916 defertque
438 1840 505 1899 uiro
528 1837 685 1901 celeranda
707 1838 841 1916 parentis

62 1928 189 2008 imperia
212 1926 307 2004 adque
331 1926 459 1988 alacrem
482 1925 567 1988 laetis
589 1925 757 1990 hortatibus
779 1923 891 2005 implet.

106 2015 171 2076 lam
192 2013 436 2094 llinyaemediis
459 2014 556 2075 clarae
579 2032 633 2094 per
656 2013 754 2076 sidera
777 2013 874 2075 noetio

62 2103 206 2166 ductibus
228 2101 393 2165 intulerant
414 2103 530 2183 placido
554 2102 739 2164 caua-lintea
762 2120 854 2165 cursu

62 2192 217 2270 multaque
241 2190 361 2252 deserto
384 2209 533 2253 memores
557 2209 649 2271 super
671 2190 801 2253 Hercule
819 2189 955 2253 uoluunt.

62 2280 210 2342 'l'bracins
234 2287 264 2340 at
284 2297 400 2341 summa
423 2281 512 2341 sociis
536 2297 671 2359 epuppe
693 2278 833 2341 sacerdos

62 2372 123 2432 lata
142 2368 233 2430 deum
256 2376 287 2429 et
309 2369 435 2429 miserae
459 2368 558 2430 solans
579 2367 766 2429 incommoda
788 2369 867 2429 uitae

63 2474 207 2520 securum
230 2457 365 2518 numeris
389 2459 449 2536 agit
471 2466 503 2518 et
524 2456 699 2518 medicabile
721 2473 856 2536 carmen3

62 2545 144 2626 quod
170 2544 259 2606 simul
282 2543 439 2624 adsumpta
461 2544 582 2625 pulsum
604 2545 676 2627 ilde,
698 2545 799 2608 luctus
820 2552 851 2606 et
873 2545 935 2606 irae

62 2644 95 2696 et
117 2633 202 2694 labor
225 2641 256 2695 et
277 2631 381 2694 duces
404 2633 515 2695 cedunt
538 2652 555 2694 e
577 2642 699 2715 pectore
723 2636 792 2696 nati.

108 2722 228 2785 Interea
250 2723 353 2800 magni
372 2723 431 2784 iam
454 2724 513 2784 iam
536 2721 734 2784 subeuntibus
758 2724 846 2784 antris

63 2810 177 2872 Oceani
199 2809 327 2889 genitale
350 2819 453 2892 caput,
476 2810 592 2873 Titania
614 2812 708 2873 irenis

63 2908 149 2960 antra
173 2906 293 2978 sonant3
316 2897 369 2959 Sol
390 2901 551 2961 auricomis
573 2897 750 2979 urgentibus
772 2896 862 2959 lloris

62 2987 247 3049 multifidum
269 2986 357 3050 iubar
380 2996 411 3048 et
432 2984 554 3050 bisseno
577 2987 675 3048 sidere
699 2993 810 3047 textam

62 3077 187 3138 loricam
210 3074 360 3156 induitur3
383 3076 455 3156 ligat
476 3076 553 3136 bano
576 3077 627 3155 qui
650 3072 751 3136 nubila
774 3080 878 3133 contra

63 3163 181 3226 balteus
204 3163 368 3226 undantem
390 3165 488 3227 uariat
508 3162 685 3226 mortalibus
707 3179 819 3222 arcum.

63 3252 133 3314 inde
158 3271 251 3334 super
273 3261 370 3314 terras
393 3263 424 3314 et
446 3255 493 3313 eoi
516 3269 629 3314 cornua
651 3251 761 3312 montis

50 3343 188 3430 ¹emicuit
211 3343 360 3420 traxitque
383 3341 463 3403 diem
485 3338 682 3403 candentibus
704 3337 801 3400 undis.

61 3439 93 3490 at
116 3429 231 3510 Minyas
254 3431 320 3491 uiso
343 3430 496 3509 liquerunt
517 3429 636 3491 nemina
658 3425 788 3489 Phoebo.

108 3517 249 3586 Proxima
271 3517 409 3598 Bebrycii
431 3517 602 3598 panduntur
624 3516 711 3578 litora
733 3516 829 3595 regni,
950 3570 955 3577 .

834 3611 871 3671 Β*
