2376 3938
333 172 626 236 ARGONAUTICON
643 175 753 229 LIBER
770 175 842 231 VIll
867 198 871 203 ’
1037 175 1100 241 155

79 343 140 387 nec
163 341 288 385 numero
313 323 452 402 quoniam
474 321 591 384 Colchis
615 341 671 384 nec
694 323 844 403 puppibus
867 342 986 404 aequos
1046 337 1112 387 350ἲ

79 432 155 491 ergo
179 412 230 473 uhi
253 412 322 472 diua
344 418 424 472 rates
447 411 623 491 hostemque
646 412 787 473 accedere
811 415 916 493 cernit,

79 504 148 582 ipsa
171 499 251 561 subit
274 508 370 560 terras
393 507 663 580 tempestatumque
686 500 823 580 refringit

80 597 304 668 uentorumque
328 589 439 650 domos.
463 588 622 650 uolucrum
644 607 718 668 gens
740 589 859 650 turbida
883 589 1009 650 fratrum

83 679 228 759 erumpit,
252 677 378 738 classem
402 677 505 738 dextra
529 677 669 738 Saturnia
695 685 866 746 monstrat„

80 765 201 847 uidere,
222 768 313 845 inque
336 783 431 826 unum
453 767 565 845 pariter
587 784 668 826 marc
691 768 829 845 protinus
852 783 955 827 omnes
1045 778 1097 826 325

81 855 194 914 infesto
218 853 345 915 clamore
368 862 462 914 ruunt
484 856 663 934 inimicaque
687 853 804 915 Colchis

82 961 213 1022 aequora
236 950 267 1003 et
289 942 431 1004 aduersos
455 949 591 1003 statuunt
612 961 629 1003 a
652 942 739 1004 litore
762 941 880 1002 fluctus.

128 1030 255 1111 Tollitur
277 1038 366 1110 atque
389 1033 469 1091 intra
490 1030 602 1110 Minyas
621 1031 780 1111 ⁴Argoaque
804 1030 869 1093 uela

82 1119 192 1199 Styrus
215 1119 311 1201 adest3
334 1127 420 1180 uasto
443 1138 550 1180 rursus
573 1119 682 1180 desidit
703 1120 787 1180 hiatu

81 1207 208 1287 abrupta
231 1208 387 1269 reuolutus
410 1225 494 1287 aqua.
539 1210 656 1287 iamque
680 1211 777 1270 omnis
798 1210 933 1268 in'astru
1044 1220 1098 1269 330

81 1299 166 1375 itque
189 1295 325 1375 reditque
348 1298 437 1378 ratis,
459 1296 601 1378 lapsoque
624 1299 779 1377 reciproca
800 1296 893 1358 fluctu

82 1385 246 1446 descendit.
291 1392 379 1445 uorat
401 1385 456 1446 hos
479 1394 598 1466 uertex,
621 1386 676 1446 hos
699 1387 814 1464 agmine
837 1391 901 1446 toto

83 1491 194 1553 gurges
217 1475 285 1553 agit.
330 1473 419 1534 simul
437 1476 468 1534 in
491 1473 593 1535 uultus
617 1476 706 1534 micat
728 1473 860 1550 undique
883 1481 990 1552 terror,

82 1562 190 1623 crebra
212 1563 298 1623 ruina
320 1561 381 1642 poli
404 1561 541 1622 caelestia
563 1561 665 1621 limina
687 1561 772 1622 laxat.

82 1669 144 1711 non
167 1658 266 1711 tamen
289 1651 421 1711 ardentls
445 1649 525 1729 Styri
548 1649 689 1710 uiolentia
712 1648 800 1710 cedit.
867 1704 870 1708 ,
1044 1659 1096 1708 335

81 1738 220 1800 hortatur
243 1740 340 1801 socios
363 1739 460 1800 media
482 1741 561 1799 inter
582 1737 696 1817 proeha
719 1738 835 1798 diuum:

83 1823 258 1888 ‘transferet
281 1846 351 1906 ergo
375 1846 456 1888 meas
478 1829 510 1888 in
533 1844 609 1906 quae
632 1826 714 1887 uolet
736 1825 844 1905 oppida
866 1825 951 1885 dotes

84 1913 224 1977 Colchis?
248 1924 277 1976 et
300 1915 480 1977 Haemonius
503 1915 589 1977 nohis
613 1915 754 1977 succedet
778 1907 915 1974 adulter?

84 2022 141 2065 nec
164 2004 236 2065 mihi
259 2012 304 2065 tot
326 2023 448 2084 magnos
470 2007 550 2066 inter
573 2022 719 2084 regesque
741 2019 910 2083 procosque

82 2094 231 2172 profuerit
252 2111 347 2173 prona
370 2092 448 2154 haud
471 2092 554 2154 dubii
577 2093 725 2155 sententia
746 2085 862 2171 patris?
1044 2101 1097 2150 340

83 2199 122 2241 an
145 2184 243 2255 uirtus
265 2181 396 2261 praelata
418 2183 477 2245 uiri
500 2190 546 2242 est
569 2188 599 2240 et
622 2181 728 2242 fortior
750 2179 809 2259 ille,

85 2288 173 2349 quem
197 2266 354 2349 sequitur?
376 2272 496 2350 iungam
520 2269 662 2348 igniferos
685 2271 749 2330 sine
773 2269 904 2328 carmine
928 2274 1040 2346 tauros,

84 2376 232 2437 saeuaque
255 2357 392 2420 Echionii
414 2359 495 2423 ferro
519 2366 582 2419 sata
602 2375 767 2437 persequar
789 2355 884 2435 hydri.

83 2446 141 2506 hoc
164 2446 237 2508 adeo
260 2450 374 2509 interea
397 2456 498 2528 specta
520 2447 557 2506 de
580 2446 667 2506 litore
690 2463 804 2526 pugnas

87 2534 255 2617 amhorum,
278 2538 403 2598 uictoris
426 2539 500 2617 eris3
522 2538 582 2598 iam
604 2536 692 2614 digna
714 2533 831 2595 uidebis
1045 2542 1097 2592 345

83 2624 210 2703 proelia,
232 2626 350 2703 iamque
372 2625 446 2686 illud
469 2643 572 2686 carum
594 2632 683 2704 caput
705 2625 749 2684 ire
769 2629 894 2683 cruenta

85 2710 141 2770 sub
165 2711 256 2789 freta,
279 2714 413 2773 semiuiri
435 2731 491 2773 nec
513 2732 615 2774 murra
638 2731 748 2791 corpus
770 2711 885 2790 Achiui,

85 2798 138 2859 sed
160 2799 236 2877 pice,
259 2798 312 2858 sed
334 2798 469 2880 flammis,
492 2807 538 2861 set
560 2801 668 2861 olentis
691 2799 834 2879 sulphure
857 2799 964 2859 crines.

87 2905 142 2947 uos
164 2886 253 2946 modo
276 2885 326 2946 uel
348 2884 445 2947 solum
467 2886 524 2946 hoc
546 2887 656 2948 fluctus
680 2887 816 2966 expellite
841 2902 961 2964 corpus,

85 2993 144 3035 non
168 2983 211 3055 tc,
234 2975 325 3036 Aeeta
346 2982 441 3056 pater,
463 2976 566 3053 generi
589 2981 649 3054 aut,
672 2973 723 3033 Sol
745 2991 860 3052 magne,
882 2970 1014 3050 pudebit.
1046 2981 1099 3031 350

86 3060 192 3124 fallor?
214 3083 252 3124 an
275 3064 330 3124 hos
354 3061 440 3123 nohis
463 3064 577 3141 magico
599 3080 680 3122 nunc
704 3061 834 3121 carmine
858 3067 966 3120 uentos

85 3153 149 3230 ipsa
171 3160 273 3215 mouet
301 3153 424 3231 diraque
442 3151 522 3212 leuat
544 3152 637 3212 maria
660 3149 752 3211 ardua
774 3143 896 3227 lingua?

87 3247 175 3318 atque
199 3243 309 3302 iterum
332 3240 509 3322 Aesonides,
531 3241 642 3300 iterum
664 3237 835 3300 defenditur
858 3242 931 3316 arte,

88 3344 146 3406 qua
168 3326 267 3392 solet?
288 3330 361 3391 haut
383 3329 425 3390 illi
449 3336 554 3391 cantus
576 3335 607 3389 et
629 3327 726 3389 futtile
749 3343 886 3388 murmur

87 3417 230 3494 proderit.
275 3421 330 3501 ite,
353 3425 447 3499 rates,
470 3427 500 3479 et
523 3418 651 3496 frangite
672 3417 799 3496 uirginis
822 3409 952 3476 undam'
1047 3423 1099 3474 355

87 3503 160 3566 dixit
183 3515 212 3569 et
234 3509 354 3569 intortis
377 3509 458 3569 socio
482 3526 551 3569 cum
573 3505 666 3567 milite
689 3507 780 3567 remis
