2362 3938
324 198 746 311 55555555555555555
764 218 810 272 nr.
1030 219 1073 284 sn

53 371 249 446 praereptum
272 356 383 443 quanto
406 365 505 444 proles
528 364 656 426 Boebeia
679 373 787 444 questu

53 454 157 515 audiet
180 461 210 513 et
232 452 303 513 flaui
326 470 415 532 quarn
437 455 533 514 tristis
556 461 624 514 nata
646 449 833 532 Lycormael’

54 545 98 603 sic
123 543 164 601 ait
187 549 217 601 et
240 539 369 601 celerem
392 541 532 602 frondosa
554 560 609 620 per
632 542 698 602 auia
721 559 845 602 ceruum
1020 554 1072 602 545

55 631 182 690 suscitat
205 648 238 689 ac
262 631 365 690 iuueni
388 629 545 690 sublimem
568 628 710 690 cornibus
733 630 829 690 offert.

56 717 107 778 ille
131 719 246 776 animos
269 716 433 796 tardusque
456 718 542 797 fugae
565 718 746 796 longumque
769 720 913 778 resistens

56 805 197 866 sollicitat
219 804 383 883 suadetque
405 807 470 885 pari
493 806 674 866 contendere
698 824 798 866 cursu.

57 894 153 954 credit
176 893 264 973 Hylas
287 894 474 972 praedaeque
498 895 581 955 ferox
604 895 710 954 ardore
733 896 917 973 propinquae

56 983 241 1061 insequitur3
265 981 353 1041 simul
376 981 493 1043 Alcides
516 981 683 1044 hortatibus
706 991 794 1060 urget
1022 993 1073 1043 550

56 1071 259 1152 prospiciens:
278 1072 396 1149 iamque
420 1089 456 1130 ex
479 1071 574 1131 oculis
597 1071 732 1133 aufertur
754 1078 892 1149 uterque,

57 1177 126 1219 cum
148 1175 277 1236 puerum
299 1160 460 1219 instantem
483 1159 642 1238 quadripes
665 1160 802 1238 fessaque
826 1160 988 1219 minantem

56 1248 114 1307 tela
138 1264 228 1306 manu
250 1247 355 1325 procul
378 1247 414 1306 ad
438 1247 524 1308 nitidi
548 1248 695 1326 spiracula
718 1248 809 1307 fontis

57 1336 141 1396 ducit
163 1343 194 1394 et
216 1336 342 1394 intactas
364 1334 442 1395 leuis
464 1338 528 1414 ipse
552 1336 720 1415 superfugit
743 1335 846 1395 undas.

56 1422 113 1483 hoc
137 1424 226 1503 pueri
248 1439 318 1501 spes
340 1422 405 1484 lusa
428 1424 515 1484 modo
540 1431 664 1484 estnec
688 1423 812 1484 tendere
836 1432 930 1484 certat
1020 1435 1071 1482 555

56 1511 197 1590 amplius;
220 1517 313 1588 utque
337 1520 419 1580 artus
442 1520 473 1571 et
496 1514 611 1572 concita
633 1519 755 1590 pectora
778 1510 870 1571 sudor

55 1599 198 1679 diluerat,
221 1607 321 1676 gratos
345 1599 451 1659 auidus
474 1599 644 1677 procumbit
667 1599 703 1659 ad
726 1616 836 1658 amnes.

56 1695 161 1766 stagna
183 1704 259 1764 uaga
281 1689 371 1765 quasi¹
389 1687 460 1770 luce
479 1691 602 1767 micant,
625 1685 678 1747 ubi
701 1685 827 1766 Cynthia'
849 1685 930 1744 caelo

54 1777 202 1855 prospicit
224 1783 275 1834 aut
298 1775 387 1835 medii
410 1776 518 1836 transit
540 1783 605 1835 rota
629 1775 752 1835 candida
774 1772 900 1834 Phoebi:

54 1863 114 1924 tale
137 1862 225 1923 iubar
248 1863 386 1923 diffundit
409 1866 509 1944 aquis3
532 1863 574 1923 511
596 1864 675 1924 lurda
698 1879 859 1939 comaeque
1021 1874 1073 1921 555

55 1950 250 2029 turbauitque
274 1969 367 2011 sonus
390 1954 541 2030 surgentis
564 1952 600 2011 ad
623 1951 724 2012 oscula
748 1948 907 2029 Nymphae.

54 2039 107 2100 illa
129 2038 232 2100 atridas
254 2040 364 2099 iniecta
386 2058 493 2101 manus
515 2039 574 2100 heu
599 2058 665 2099 sera
688 2041 816 2099 cientem

55 2127 166 2188 auxilia
189 2135 219 2186 et
241 2129 340 2207 magni
362 2128 543 2188 referentem
566 2146 675 2187 nomen
698 2128 784 2187 amici

54 2215 211 2299 detrahit3¹
225 2215 341 2276 adiutae
364 2234 459 2295 prono
483 2234 552 2276 nam
573 2216 706 2295 pondere
729 2216 819 2275 uires.

73 2364 77 2370 ,
102 2295 164 2363 lam
185 2310 271 2382 pater
293 2303 442 2364 umbrosis
466 2304 639 2384 Tirynthius
662 2302 781 2363 arcibus
804 2319 894 2361 ornos
1021 2312 1073 2360 555

55 2390 215 2471 depulerat
236 2410 403 2471 magnoque
425 2394 488 2472 iugi
511 2393 639 2452 stridore
663 2391 798 2451 reuulsas

56 2489 143 2559 terga
166 2497 257 2558 super
280 2480 355 2540 fului
376 2480 694 2560 porrexerat'horrida
717 2480 843 2539 monstri

56 2568 147 2629 litora
170 2585 264 2628 curua
285 2576 405 2649 petens3
428 2568 485 2629 alio
509 2587 578 2628 nam
600 2568 672 2628 calle
696 2585 853 2628 reuersum

56 2655 157 2717 credit
177 2654 272 2734 llplan
295 2664 440 2736 captaque
464 2658 555 2736 dapes
577 2659 694 2717 auxisse
719 2657 822 2716 ferina.

56 2743 114 2805 sed
136 2761 234 2823 neque
257 2753 329 2824 aput
351 2747 449 2806 socios
473 2753 663 2824 structasque
687 2747 718 2805 in
741 2745 827 2804 litore
852 2761 970 2804 mensas
1021 2754 1074 2803 570

58 2833 234 2893 unanimum
256 2832 340 2893 uidet
363 2851 451 2912 aeger
473 2832 567 2913 Hylan
591 2852 647 2894 nec
669 2833 787 2911 longius
811 2849 911 2891 acrem

55 2919 219 2981 intendens
242 2921 343 2982 aciem.
390 2923 491 2982 uarios
513 2920 583 2982 hinc
607 2923 716 2981 excitat
738 2927 838 2980 aestus

56 3006 139 3069 nube
162 3008 232 3068 mali
249 3026 416 3088 percussus
440 3028 536 3091 amor,
559 3008 667 3087 quibus
690 3007 820 3067 haeserit
842 3008 913 3085 oris,

57 3097 129 3175 quis
151 3095 227 3156 tales
248 3097 361 3176 inpune
384 3116 482 3159 moras
504 3115 631 3158 casusne
653 3093 776 3154 laborue

56 3183 207 3265 attulerit3
231 3183 354 3247 densam
376 3188 491 3247 interea
514 3184 696 3245 descendere
720 3189 838 3243 noctem
1021 3190 1073 3238 ors

56 3275 118 3333 iam
141 3274 254 3334 maiore
277 3281 373 3354 metu3
396 3282 460 3335 tum
483 3291 557 3334 uero
581 3281 611 3334 et
633 3271 728 3353 pallor
751 3278 781 3330 et
804 3286 905 3329 amens

55 3378 128 3422 eum
150 3362 238 3440 piceo
261 3361 371 3423 sudore
394 3364 483 3441 rigor.
529 3379 585 3421 ceu
606 3369 729 3440 pectora
752 3359 850 3418 nautis

54 3448 197 3528 congelat
218 3448 338 3511 hiberni
361 3449 463 3511 uultus
486 3449 566 3510 louis
589 3448 774 3528 agricolisue,

54 3556 128 3599 cum
152 3538 213 3598 coit
235 3536 343 3599 umbra
365 3540 476 3618 minax,
500 3539 617 3598 comitis
640 3539 683 3596 sic
706 3536 804 3596 adficit
828 3551 913 3594 error
