2362 3938
106 175 171 240 130
522 171 631 227 LIBER
647 171 696 225 ΠΙ.

104 336 226 402 tudinis
250 335 368 400 cubitis
392 335 516 420 decem3
540 356 672 419 eaeque,
695 356 758 417 quo
782 337 947 420 poterant,
971 334 1122 399 homines

104 425 262 490 involant.
309 423 401 489 Tune
429 445 467 489 ex
495 424 611 489 iisdem
639 424 746 488 arenis
769 423 922 487 crocodili
945 425 1047 488 etiam
1070 446 1121 488 ex·

106 516 228 579 stantes
243 513 367 597 passim
386 513 543 578 invadunt
557 511 777 597 quadrupedia
795 512 959 576 militaria.
987 511 1039 577 Ad
1059 512 1121 577 hoc

106 602 213 685 alites,
236 602 352 687 quibus
372 602 457 686 apud
476 624 535 666 nos
554 602 748 666 vocabulum
767 600 954 683 vespertilio
981 606 1041 685 est,
1065 601 1121 665 sed

79 713 190 776 equae
212 692 279 756 illic
302 713 399 774 super
422 690 648 755 columbarum
672 689 942 773 magnitudinem,
968 689 1120 754 dentibus

105 785 215 846 tamen
244 780 284 844 ad
312 779 448 843 humani
475 778 576 843 rictus
598 778 775 860 valentiam
799 799 913 842 saevae
942 783 1033 861 sunt,
1061 779 1121 844 cir·

105 870 290 934 cumvolare
323 888 456 951 coepere
484 871 518 930 et
548 867 728 950 quibusque
755 866 990 931 incautioribus
1026 889 1120 931 aures

106 961 162 1022 aut
189 979 284 1021 nares
313 960 370 1021 aut
397 956 518 1040 digitos
540 976 737 1039 praesecare.
784 954 868 1019 Tum
891 955 1119 1020 rhinocoraces

104 1046 278 1128 insecutae,
303 1044 358 1108 sed
382 1065 438 1109 eae
463 1064 540 1108 sane
563 1065 668 1127 neque
692 1043 732 1107 ad
755 1043 904 1109 homines
930 1045 1121 1109 saeviebant

65 1157 91 1196 10
105 1155 208 1216 neque
236 1134 328 1215 ignes
356 1134 477 1196 temere
507 1131 712 1197 advolabant.
764 1132 908 1197 Tandem
938 1133 1041 1217 igitur
1071 1155 1119 1197 re-

105 1222 238 1285 stitutus
262 1220 326 1283 diei
349 1220 608 1304 intelligensque,
631 1221 666 1284 in
688 1224 811 1304 quanta
834 1221 1023 1285 discrimina
1045 1244 1117 1306 pro-

104 1309 254 1373 deremur
277 1309 319 1372 ab
342 1308 433 1373 hisce
456 1307 555 1389 Indis,
580 1309 635 1392 qui
659 1330 728 1373 sese
753 1310 911 1374 salutares
935 1310 1045 1374 itineri
1069 1310 1118 1373 fu·

104 1400 198 1462 turos
217 1418 286 1461 esse
304 1397 400 1462 nobis
415 1397 554 1482 polliciti
570 1401 673 1478 erant,
693 1419 748 1462 eos
768 1399 810 1463 ob
824 1398 948 1463 fraudis
964 1399 1118 1463 meritum

104 1486 225 1551 eisdem
249 1486 341 1570 aquis
362 1487 555 1570 praecipites
577 1486 646 1550 dari
667 1487 841 1571 necarique
861 1489 1022 1570 praecepi.
1059 1488 1117 1551 Aa

64 1596 91 1637 1⁶
106 1597 167 1660 que
192 1576 276 1641 exim
299 1575 351 1640 usi
374 1575 490 1639 itinere
508 1576 645 1641 rectiore
668 1576 799 1640 tandem
817 1576 1020 1640 restituimur
1038 1577 1119 1659 viae,

105 1687 188 1748 quae
210 1686 271 1730 nos
295 1664 335 1728 ad
357 1663 544 1730 Prasiaeam
568 1668 640 1729 tuto
664 1665 842 1730 deduceret.

195 1751 254 1818 22.
291 1754 395 1837 Igitur
419 1775 492 1818 cum
516 1754 670 1837 oppidum
694 1754 855 1839 quoddam
879 1754 1015 1837 opulens
1040 1775 1116 1818 sane
1138 1761 1178 1811 35.

104 1844 138 1906 et
165 1842 334 1906 abundans
364 1843 514 1907 omnibus
542 1842 711 1908 refectioni
738 1843 898 1907 humanae
926 1843 1117 1906 necessariis

106 1930 358 2014 advenissemus,
381 1932 573 2015 recipiendis
597 1932 720 1997 viribus
743 1932 865 1996 ibidem
889 1930 956 1995 dies
976 1932 1118 2015 quinque

64 2042 91 2081 ao
104 2021 333 2105 transegimus.
382 2019 557 2084 Enimvero
586 2042 659 2085 cum
687 2024 779 2085 sexta
806 2021 870 2083 iam
897 2019 1016 2083 reditui
1044 2042 1118 2085 con·

105 2108 301 2192 suleremus,
333 2107 410 2172 talis
440 2108 535 2171 nobis
568 2107 707 2171 obicitur
738 2108 918 2171 admiratio,
971 2108 1118 2171 Primum

105 2194 234 2277 quidem
253 2196 344 2259 venti
364 2195 498 2276 spiritus
513 2195 686 2258 vehemens
707 2197 740 2258 et
758 2194 900 2275 procella
919 2194 998 2255 adeo
1019 2216 1118 2275 supra

104 2285 292 2347 consuetam
315 2281 576 2367 magnitudinem
598 2303 699 2364 rapax
723 2286 794 2345 orta
817 2283 874 2357 est,
898 2281 1022 2342 utnon
1045 2283 1116 2342 ten-

104 2369 190 2433 toria
218 2371 315 2434 modo
338 2371 418 2433 satis
441 2369 579 2434 firmiter
602 2369 666 2433 fixa
688 2368 894 2448 convelleret,
922 2387 1034 2430 verum
1057 2367 1115 2432 ho-

63 2478 90 2520 re
104 2458 209 2521 mines
233 2479 359 2541 quoque
384 2460 508 2521 stantes
532 2457 779 2542 gradientesque
801 2457 1027 2537 prosterneret,
1050 2458 1116 2522 nisi

103 2546 188 2630 quod
217 2549 431 2631 properanter
462 2546 596 2610 sarcinis
627 2545 749 2609 strictis
779 2544 820 2608 ad
850 2545 974 2609 tutiora
1005 2546 1117 2630 oppidi

103 2656 340 2699 concursamus.
382 2633 557 2698 Enimvero
580 2634 656 2698 dum
675 2633 741 2697 ista
761 2633 926 2716 molimur,
949 2635 1034 2700 coire
1059 2658 1115 2699 nu·

102 2724 160 2788 bes
180 2731 213 2787 et
231 2723 390 2787 densitate
407 2722 526 2786 nimiae
546 2721 770 2787 crassitudinis
790 2723 867 2787 solis
891 2724 1002 2789 lumen
1022 2745 1116 2789 omne

105 2833 236 2895 coepere
260 2812 429 2876 subtexere
452 2811 724 2896 indiscretamque
748 2813 844 2877 nobis
865 2818 995 2878 noctem
1019 2813 1115 2877 diem-

193 3038 337 3108 1haeque
356 3040 389 3092 P.
423 3054 477 3106 quo
496 3039 531 3094 A.
541 3039 574 3093 P.
594 3045 668 3107 qua?
721 3041 830 3094 2Tum
848 3040 880 3094 P.
913 3039 1022 3094 hisdem
1041 3038 1115 3090 AP.

103 3111 254 3166 existentes
279 3111 316 3165 A.
385 3115 400 3163 3
427 3108 471 3163 Ad
495 3110 550 3165 hoc
574 3111 607 3165 P.
641 3110 734 3164 adhuc
758 3112 793 3165 A.
866 3117 882 3164 ὅ
909 3109 1054 3165 columbae
1080 3109 1115 3161 A.

103 3187 120 3236 8
139 3181 397 3238 rinochorachesA.
416 3180 587 3236 rinocerotes
596 3182 629 3234 P.
667 3187 683 3235 9
702 3181 756 3236 hae
772 3183 805 3235 P.
845 3188 877 3235 10
897 3178 1068 3234 advolebant
1081 3182 1115 3231 A.

103 3257 137 3305 12
151 3252 236 3307 hisP.
257 3249 393 3306 salutares
407 3251 501 3306 itineri
510 3253 583 3306 Mar.
610 3252 739 3305 salutaris
754 3251 863 3306 itineris
871 3251 944 3306 AP.
984 3255 1016 3301 13
1035 3248 1116 3301 nobis

102 3339 152 3379 om.
168 3324 201 3378 P.
220 3322 428 3392 pollicebantur
443 3324 478 3378 P.
525 3329 558 3377 14
577 3324 685 3377 insdem
704 3323 784 3390 aquis
804 3326 883 3391 (corr.
903 3338 936 3375 erc
954 3318 1063 3388 aequi)
1080 3319 1115 3371 A.

100 3393 226 3464 iussique
244 3393 339 3448 necari
359 3395 392 3450 P.

192 3465 241 3520 22.
263 3470 296 3518 21
316 3465 428 3519 miratio
448 3466 481 3521 P.
537 3471 571 3520 22
591 3464 704 3533 quidem
722 3464 757 3517 A.
787 3461 891 3532 quippe
913 3461 946 3515 P.
1002 3466 1036 3514 23
1056 3461 1117 3514 orta

103 3536 179 3590 Met.
207 3535 307 3589 hortus
327 3539 362 3590 A.
392 3537 469 3591 ortus
488 3537 521 3591 P.
595 3543 628 3591 28
647 3533 836 3590 indemitate
854 3535 889 3588 A.
