2362 3938
113 194 155 258 12
451 190 482 246 C.
499 189 638 246 VALERI
656 188 787 246 FLAOCI

112 341 215 446 pandit
239 343 322 402 etin
347 339 465 401 dulcem
488 357 574 418 reges
598 338 720 399 dimittit
742 336 863 417 Hymett
864 355 912 398 on.

112 432 281 510 insequeris
305 447 452 509 casusque
476 436 544 490 tuos
567 445 719 510 expressa,
742 426 876 509 Phalera,

113 536 194 580 arma
217 521 310 600 geris3
333 517 433 598 patula
455 535 524 577 nam
547 517 646 596 lapsus
670 515 706 575 ab
730 515 836 575 arbore
859 530 991 619 paruum

113 615 160 669 ter
184 599 289 687 quater
313 607 463 668 ardentit
451 615 535 684 tergo
559 606 759 665 circumuenit
781 605 899 683 anguis

114 705 172 758 stat
195 695 301 776 procul
322 695 481 756 intendens
505 693 701 754 dubiumt
650 701 701 773 pat
702 711 737 754 er
759 695 864 753 anxius
887 706 1002 754 areum.

115 793 181 846 tum
204 786 315 845 caelata
338 793 435 845 metus
459 783 530 843 alios
554 784 631 862 gerit
653 799 734 842 arma
757 781 904 842 Eribotes.

115 893 171 935 nec
193 873 300 934 Peleus
324 874 419 932 fretus
443 874 556 932 soceris
579 878 610 930 et
632 872 758 950 coniuge
782 871 852 931 diua

116 963 224 1043 deluit,
247 980 281 1023 ac
303 980 393 1040 prora
412 961 548 1040 splendet
570 967 621 1020 tua
645 961 745 1040 cuspis
769 957 805 1018 ab
829 958 896 1041 alta,
944 960 946 965 ’

115 1050 255 1110 Aeacide:
279 1058 394 1110 tantum
417 1049 490 1109 haec
514 1048 578 1107 aliis
602 1047 747 1108 excelsior
769 1047 872 1128 hastis,

116 1146 261 1217 quantum
283 1137 414 1197 Peliacas
437 1139 469 1196 in
491 1138 606 1196 uertice
629 1139 744 1198 uicerat
766 1152 865 1196 ornos.

115 1224 224 1305 linquit
247 1232 277 1285 et
299 1223 454 1284 Actorides
477 1232 579 1284 natum
603 1222 741 1285 Chironis
764 1227 796 1284 in
818 1231 915 1305 antro,

116 1321 150 1374 ut
173 1315 272 1374 socius
296 1330 364 1372 caro
387 1313 501 1391 pariter
523 1311 685 1373 meditetur
707 1312 812 1374 Achilli

116 1402 166 1462 lila
187 1402 267 1481 lyrae
286 1403 458 1480 pariterque
482 1401 565 1461 leues
583 1418 660 1479 puer
678 1404 783 1462 incitet
805 1401 914 1482 hastas,

118 1491 212 1552 discat
235 1508 328 1570 eques
350 1490 458 1568 placidi
481 1489 683 1550 conscendere
707 1499 790 1568 terga
813 1491 961 1568 magistris

118 1588 148 1642 et
172 1598 260 1658 quem
284 1580 360 1640 lama
384 1597 478 1658 genus
501 1597 561 1639 non
585 1587 632 1638 est
654 1579 777 1658 decepta
800 1577 888 1657 Lyaei

92 1693 93 1697 ¹
117 1668 216 1728 Phlias
240 1671 382 1729 inmissus
405 1670 518 1746 patrios
542 1666 578 1726 de
601 1668 715 1727 uertice
740 1669 847 1727 crines.

118 1774 174 1816 nee
197 1759 281 1816 timet
304 1757 455 1817 Ancaeum
478 1757 613 1835 genetrix
636 1757 821 1815 committere
845 1763 948 1836 ponto,

117 1843 204 1924 plena
227 1845 295 1905 tulit
318 1863 408 1923 quem
426 1863 497 1923 rege
520 1845 618 1903 marie.
666 1861 791 1904 securus
813 1846 845 1903 in
864 1860 978 1922 aequor

117 1933 190 1994 haut
213 1935 312 1994 minus
335 1932 477 2014 Erginus,
500 1932 600 2011 proles
622 1931 783 2013 Neptunia,
807 1932 913 2013 lertur,

119 2024 170 2100 qui
188 2024 278 2083 maris
302 2021 436 2103 insidias,
460 2021 555 2081 clarae
580 2023 631 2097 qui
654 2021 752 2082 sidera
774 2022 872 2080 noetis

118 2113 199 2171 norit
223 2118 252 2170 et
275 2128 292 2169 e
316 2109 425 2170 clausis
449 2127 539 2187 quem
562 2108 692 2170 destinet
714 2108 823 2169 Aeolus
846 2109 966 2192 austris,

118 2216 179 2257 non
203 2205 315 2257 metuat
338 2200 387 2257 cui
410 2215 502 2276 regna
525 2201 611 2279 ratiS,
635 2200 683 2258 cui
706 2197 825 2259 tradere
849 2197 965 2265 caelum

119 2284 241 2346 adsidua
259 2285 370 2365 Tiphys
394 2285 511 2346 uultum
533 2287 659 2346 lassatus
682 2285 718 2346 ab
741 2286 840 2347 Arcto.

119 2380 222 2433 taurea
245 2372 387 2434 nulnisxco
411 2382 510 2453 portat
533 2374 703 2453 caelataque
727 2374 848 2453 plumbo

119 2466 203 2538 terga
223 2460 335 2541 lacon,
358 2461 463 2521 saltem
484 2465 516 2522 in
535 2481 647 2523 uacuos
670 2471 705 2523 ut
727 2462 848 2523 brachia
870 2469 979 2523 uentos

119 2556 239 2626 spargat
261 2557 292 2609 et
315 2548 470 2610 Oebalium
492 2549 633 2628 Pagaseia
654 2554 765 2631 puppis
788 2551 940 2612 alumnum

120 2644 235 2715 spectet
258 2655 364 2697 securo
388 2637 588 2698 celebrantem
610 2638 698 2699 litora
716 2639 795 2700 ludo.

119 2743 230 2804 oraque
254 2725 424 2785 Thessalico
447 2725 552 2785 melior
575 2726 760 2788 contundere
783 2728 868 2788 freno

119 2822 273 2876 uectorem
296 2813 420 2893 panidae
445 2814 549 2875 Castor
573 2814 644 2875 dum
667 2825 827 2896 quaereret
848 2815 967 2898 Helice,
1084 2813 1138 2878 aad

118 2921 225 2983 passus
248 2902 402 2983 Amyclaea
424 2906 619 3007 pinguescere
644 2903 780 2986 Cyllaron
802 2905 915 2967 herba

119 2991 177 3053 illis
200 2991 345 3054 Taenario
368 2995 480 3073 pariter
504 2995 635 3054 tremit
627 3012 714 3074 ignea
737 2997 806 3056 luco

118 3099 267 3164 purpura,
291 3082 371 3160 quod
394 3085 511 3161 gemina
534 3092 630 3145 mater
653 3083 849 3164 spectabilet
836 3083 895 3145 tela

120 3167 205 3230 duxit
227 3189 316 3250 opus3
339 3169 385 3229 bis
409 3170 561 3251 Taygeton
584 3172 734 3251 siluasque
758 3179 910 3233 comantes

53 3328 56 3333 ῃ
121 3262 284 3340 struxerat,
306 3258 439 3320 Eurotan
462 3260 544 3320 molli
566 3259 612 3319 bis
635 3259 753 3321 fuderat
776 3277 863 3340 auro;

120 3359 269 3423 quemque
293 3365 366 3407 suus
390 3349 510 3426 sonipes
533 3349 622 3407 niueo
645 3348 682 3408 de
705 3349 831 3406 stamine
853 3353 953 3423 portat

120 3437 150 3489 et
172 3432 254 3492 uolat
276 3433 431 3495 aurbornm
453 3438 567 3514 patrius
591 3434 627 3495 de
650 3441 772 3512 pectore
796 3450 915 3511 cycnus.

119 3525 150 3578 at
172 3517 226 3577 tibi
250 3520 388 3582 collectas
412 3522 502 3583 soluit
524 3525 582 3583 iam
600 3522 690 3582 fibula
712 3527 814 3581 uestes
