2362 3938
403 180 534 235 OBITUS
553 179 777 236 ALEXANDRI.
1029 180 1093 246 163

81 345 167 428 quit,
196 342 230 408 ‘o
255 343 305 407 vir
328 365 468 426 summe,
495 343 650 428 quidquid
680 365 719 407 ex
746 344 877 409 homine
905 345 1012 409 foetus
1040 343 1094 410 hic

80 433 197 515 habet,
228 432 267 496 ad
298 435 331 495 te
361 432 516 516 pertinet,
547 430 633 515 quod
663 452 739 495 vero
772 435 822 496 est
852 432 965 499 subter
996 438 1093 517 atque

81 521 214 604 beluile‚
244 520 438 604 quicumque
465 520 527 585 tibi
551 519 674 584 subditi
702 523 779 584 sunt
806 524 839 585 et
866 521 1012 585 subiecti.
1058 519 1093 586 Si

79 610 181 694 igitur
200 630 238 672 ea
260 630 345 692 pars,
371 630 453 693 quae
473 629 612 691 superna
631 611 689 692 est,
709 608 833 673 viveret
852 612 885 673 et
903 612 1093 692 motaretur,

79 698 176 764 sicuti
194 697 284 781 haec,
309 719 390 780 quae
409 696 497 761 infra
516 700 600 780 sunt,
622 695 757 781 faciunt,
775 701 812 761 tu
832 719 910 762 sane
929 697 1120 764 obtinerese

79 810 117 852 ac
140 786 344 850 dominarere
368 789 566 850 cunctorum.
602 784 665 850 Sed
684 786 837 870 quoniam
861 807 952 851 secus
976 789 1036 864 est,
1059 786 1094 850 in

79 875 277 940 contrarium
304 874 567 958 intelligendum,
599 874 663 937 nisi
693 874 778 958 quod
811 875 846 940 hi
874 896 1002 959 quoque
1029 873 1094 958 ipsi

79 963 283 1027 dissidebant
300 983 402 1046 neque
427 965 622 1046 congruent,
645 962 735 1026 vides
758 963 845 1027 enim
864 963 1009 1045 dispares
1027 962 1092 1027 for-

79 1073 149 1115 mas
181 1073 285 1135 neque
313 1051 400 1114 inter
432 1072 466 1114 se
495 1051 615 1115 amicas
649 1073 685 1115 ac
713 1059 845 1135 prorsus
874 1050 992 1117 beluile
1023 1073 1092 1116 sae·

79 1141 213 1205 vientes.
251 1140 359 1222 Atque
378 1139 413 1202 hi
432 1139 561 1222 quidem
580 1139 666 1202 inter
684 1161 719 1203 se
738 1161 849 1205 omnes
867 1144 901 1205 te
920 1142 1091 1224 oppetente
1106 1160 1125 1201 ι(

80 1229 275 1292 dissentient
303 1225 590 1311 dimicabuntque.'
639 1226 702 1292 His
730 1227 825 1294 dietis
853 1229 1012 1314 interpres
1040 1250 1092 1294 ex·

78 1318 161 1380 ierat
181 1338 351 1382 aversurus
371 1316 502 1399 seilicet,
526 1316 554 1380 si
574 1338 638 1400 qua
656 1321 775 1400 posset,
798 1322 831 1382 et
855 1321 1025 1383 exusturus
1044 1339 1093 1386 re.-

78 1405 227 1490 ligiosius
250 1405 392 1488 portenti
416 1404 504 1468 illius
528 1404 645 1469 minas.
681 1405 866 1470 Alexander
883 1428 959 1470 vero
984 1407 1092 1470 animo

79 1497 306 1557 consternatus
335 1514 407 1557 cum
432 1493 555 1578 gemitu
584 1494 629 1558 sio
657 1492 716 1557 ait:
746 1493 825 1558 ‘Pro
851 1494 935 1558 bone
958 1493 1092 1577 Iupiter,

78 1603 175 1665 quam
207 1582 294 1645 bona
325 1603 377 1645 res
413 1585 463 1645 est
494 1581 658 1666 ignoratio
691 1580 972 1646 metuendoruml'
1028 1580 1091 1645 Sed
1106 1603 1125 1643 ιε

77 1670 235 1734 hactenus
266 1670 324 1733 illa
355 1670 454 1733 animi
485 1670 660 1734 commotio
689 1668 760 1735 fuit.
812 1668 985 1753 Ceteroqui
1015 1669 1092 1735 viri-

77 1759 153 1822 liter
187 1762 220 1821 et
249 1758 363 1822 decore
394 1780 522 1824 omnem
553 1761 757 1841 exspectatae
787 1758 902 1823 mortis
933 1759 1092 1842 impetum

78 1847 323 1930 opperiebatur,
353 1847 471 1931 quippe
504 1849 559 1930 qui
589 1849 719 1929 praeter
753 1849 861 1910 cetera
893 1867 931 1912 eo
964 1868 1091 1930 quoque

79 1957 113 1999 se
133 1936 303 2016 solaretur,
322 1936 407 2018 quod
426 1936 542 1999 divinis
561 1934 740 1999 honoribus
758 1934 846 1998 haud
862 1934 976 2017 procul
994 1935 1088 1999 foret.
1102 1957 1125 1996 re

170 2022 227 2089 56.
260 2023 350 2108 Ergo
384 2024 510 2088 occasio
542 2024 592 2086 illi
624 2023 782 2087 moriendi
814 2022 890 2087 talis
921 2023 992 2088 fuit.
1037 2029 1125 2084 XXX]

78 2110 185 2175 Mater
213 2111 280 2176 eius
306 2112 346 2175 ad
369 2134 443 2175 eum
467 2112 642 2195 scripserat
669 2133 767 2194 super
789 2111 955 2195 Antipatri
979 2115 1012 2177 et
1034 2110 1125 2176 lli-8

78 2201 257 2283 vinopatris
289 2200 512 2264 simultatibus
541 2201 753 2284 petebatque,
783 2205 820 2265 ut
849 2201 891 2266 ob
921 2200 955 2264 id
982 2201 1090 2285 ipsum

80 2289 120 2351 ad
139 2288 278 2371 Epirum
302 2289 348 2353 ire
373 2289 589 2355 contenderet.
626 2287 688 2353 Sed
710 2289 797 2354 enim
816 2289 1000 2353 Alexander
1018 2312 1091 2355 cum

79 2377 111 2440 id
140 2378 283 2442 virorum
313 2378 454 2461 iurgium
484 2378 520 2441 ia
546 2397 637 2442 mam
665 2377 817 2442 iudicium
845 2377 958 2443 deduci
984 2379 1091 2462 vellet,

79 2465 196 2529 statuit
218 2465 430 2550 Antipatrum
454 2467 493 2529 ed
517 2487 587 2530 sese
610 2466 720 2531 venire
744 2489 782 2531 ex
805 2466 998 2532 Macedonia
1025 2466 1090 2532 alio
1105 2490 1125 2530 a

78 2554 112 2616 in
136 2555 244 2618 locum
268 2556 337 2618 eius
357 2554 545 2619 substitute.
582 2553 675 2630 Quod
693 2554 750 2619 ubi
769 2555 893 2620 factum
916 2559 975 2640 est,
997 2577 1090 2619 vene-

77 2665 156 2705 num
186 2637 363 2726 Antipater
393 2643 539 2707 elaborat
566 2644 731 2708 curiosum
762 2643 934 2709 admodum
964 2643 1091 2709 efficax-

79 2753 142 2814 que
166 2732 260 2813 idque
284 2754 342 2814 per
365 2732 548 2796 ministrum
571 2733 641 2816 regi
666 2732 736 2797 dari
759 2732 793 2796 in
815 2732 964 2797 convivio
983 2732 1092 2817 exegit

168 2981 183 3029 2
203 2977 298 3030 subter
317 2977 391 3029 Mai.
429 2993 512 3044 super
531 2978 616 3043 atque
634 2976 746 3029 beluina
767 2975 800 3028 P.
838 2975 1024 3043 superatque
1043 2990 1090 3028 ve-

78 3045 147 3100 luile
168 3047 204 3101 A.
241 3047 432 3101 4motaretur
449 3047 481 3101 P.
506 3048 666 3101 moveretur
679 3045 714 3099 A.
752 3047 821 3098 btu
839 3061 889 3100 om.
908 3045 942 3098 P.
981 3049 1012 3097 11
1033 3043 1090 3096 dis-

80 3115 217 3170 sentirent
235 3117 266 3172 P.
300 3118 407 3171 exierat
424 3117 457 3172 P.
484 3116 557 3171 ierat
575 3116 610 3169 A.
667 3121 699 3169 12
719 3115 749 3169 et
766 3130 817 3168 om.
837 3114 871 3168 P.
932 3119 964 3166 16
984 3117 1089 3169 eetero-

78 3189 126 3252 qui
146 3189 218 3241 Mai.
247 3188 395 3256 ceteraque
414 3188 489 3242 ΑΡ.
528 3192 560 3239 17
580 3187 709 3240 decorem
729 3201 841 3240 omnem
861 3185 1041 3252 exspectante
1055 3184 1089 3238 P.

79 3262 111 3311 18
132 3258 243 3326 Quippe
262 3275 334 3324 quae
353 3262 463 3326 praeter
477 3259 512 3312 A.
539 3255 643 3326 quippe
663 3255 713 3325 qui
729 3271 781 3324 per
798 3256 911 3323 praeter
920 3255 953 3310 P.
992 3260 1024 3308 19
1044 3271 1090 3309 so·

76 3328 182 3382 laretur
201 3329 273 3382 Mai.
304 3330 410 3382 solatur
428 3329 502 3384 A.P.
1122 3366 1125 3380 .

166 3399 216 3454 56.
235 3399 437 3455 willimari.
474 3405 508 3452 21
523 3399 556 3452 de
569 3398 678 3452 nomine
693 3394 908 3464 ‘Divinopatris’
925 3397 959 3463 cs.
973 3393 1092 3451 Zucteri

79 3469 335 3524 Pseudo-Calliste.
350 3489 380 3540 p.
396 3476 429 3524 11
444 3487 481 3539 aq.
518 3475 553 3522 22
573 3467 693 3522 Petebat
711 3468 753 3522 uti
772 3466 808 3521 ob
827 3465 920 3536 ipsum
935 3468 969 3522 P.
1007 3473 1042 3522 24
1058 3467 1089 3519 in

77 3558 157 3593 suum
176 3541 311 3595 iudicium
331 3543 438 3596 addidi.
510 3544 544 3594 25
564 3537 622 3592 alia
639 3541 674 3593 A.
748 3543 782 3593 27
801 3538 914 3593 laborat
932 3538 968 3594 A.

876 3627 930 3680 11*
