2376 3938
125 179 168 244 28
559 176 670 231 LIBER
687 176 707 231 I.

126 362 200 406 cum
223 340 364 424 populus
388 339 492 404 adhuc
520 339 554 403 in
582 339 711 404 theatro
734 339 935 422 turbaretur,
958 336 1139 402 Pausanias

126 450 217 512 vero,
246 433 285 492 nt
315 429 464 512 diximus,
494 431 625 511 raptum
654 429 835 508 moliretur,
865 426 948 491 forte
977 426 1073 489 rebus
1102 447 1141 490 ex

127 517 289 581 sententia
311 516 507 600 perpetratis
531 515 718 581 Alexander
742 517 972 598 supervenerat
995 514 1142 578 offendit

118 627 189 690 que
207 605 321 670 turbas
341 610 374 670 et
391 606 458 670 vim
477 608 510 670 et
528 605 662 668 vulnera
680 604 834 687 Philippi.
876 603 1009 685 Quibus,
1032 605 1070 666 nt
1089 624 1141 668 res

99 697 211 778 serat,
241 694 380 779 cognitis
409 695 637 776 auctoremque
668 713 779 756 aarum
809 713 916 756 rernm
944 690 1142 755 Pausaniam

125 784 207 847 haec
230 781 426 866 designasse,
449 781 581 845 inruens
605 780 728 864 regiam
752 782 787 844 in
810 780 882 863 ipso
905 782 1002 863 raptu
1026 781 1141 844 matris

126 871 307 935 Pausaniae
326 870 514 935 violentiam
534 868 754 954 deprehendit,
778 890 915 953 eumque
939 890 1012 933 cum
1035 868 1141 932 iaculo

127 959 305 1023 destinaret
329 960 557 1040 tenereturque
582 956 752 1021 formidine
778 957 891 1020 matris
915 957 1143 1040 vulnerandae,

127 1046 295 1130 Olympias
319 1046 365 1109 sic
389 1045 594 1110 adhortatur:
618 1043 802 1128 ‘Iacularq'
826 1045 941 1128 inquit,
964 1043 1034 1128 ³fili,
1056 1046 1142 1108 iacu-

88 1153 113 1192 10
128 1136 208 1197 lare!
231 1156 272 1197 ne
292 1133 434 1217 dubites3
457 1135 562 1198 habeo
583 1133 668 1197 enim
688 1133 871 1217 praesidem
890 1134 1086 1197 Ammonem
1111 1140 1144 1198 et

127 1220 368 1305 protectorem?

219 1308 276 1375 18.
300 1309 476 1375 Enimvero
492 1309 686 1375 ‘Alexander
707 1310 797 1375 nullo
821 1311 945 1393 impetu
968 1310 1063 1393 vinci,
1087 1310 1188 1375 sed1³

128 1419 201 1462 cum
221 1399 344 1481 spirare
364 1399 558 1463 etiamtunc
578 1402 704 1483 patrem
719 1398 908 1482 Philippum
924 1399 1145 1483 comperisset,

129 1486 264 1551 eundem
286 1486 402 1552 advehi
420 1487 571 1552 illorsum
588 1487 680 1551 iubet
699 1487 916 1572 gladiumque,
938 1509 1033 1571 quam
1053 1508 1145 1572 gera-

89 1593 115 1634 15
130 1576 189 1640 bat
207 1577 285 1659 ipse,
304 1576 470 1641 conlatum
488 1577 523 1639 in
543 1577 708 1640 dexteram
722 1577 825 1659 patris
845 1577 943 1660 misit,
962 1598 1025 1660 quo
1045 1598 1145 1640 manu
1165 1603 1168 1606 ⁴

129 1665 198 1729 eius
228 1668 398 1748 oppeteret
426 1666 619 1746 Pausanias,
650 1664 701 1730 cui
728 1686 867 1747 poenam
895 1685 1056 1749 quamque
1084 1687 1144 1748 pro

129 1751 217 1819 facto
241 1753 405 1819 debuerat.
451 1754 541 1839 Ergo
570 1755 636 1818 iam
659 1754 800 1818 moriens
823 1753 1008 1837 Philippus,
1036 1751 1144 1816 ‘Nihil

128 1863 214 1906 nunc
230 1864 306 1906 sane
326 1842 397 1928 est,'
416 1843 532 1927 inquit,
551 1841 649 1927 ‘quod
669 1865 720 1907 me
734 1843 821 1907 vitae
836 1843 911 1906 finis
927 1846 984 1906 aut
999 1841 1143 1906 huiusce-

129 1931 217 1995 modi
247 1953 333 1995 mors
362 1932 550 2016 contristet3
580 1933 667 1996 ultus
696 1931 782 1996 enim
811 1935 976 1995 auctorem
1008 1931 1144 1994 iniuriae

90 2037 115 2077 ao
130 2019 238 2082 libens
259 2023 422 2103 oppetam.
465 2020 573 2102 Atque
596 2020 669 2083 ideo
692 2021 786 2083 illaec
809 2040 895 2082 nunc
919 2020 959 2083 ab
984 2017 1145 2084 Ammone

129 2105 216 2171 dicta
229 2107 429 2183 reminiscor,
445 2129 526 2191 quae
541 2110 619 2170 tunc
634 2107 730 2170 matri
745 2109 821 2170 tuae
836 2105 1025 2188 Olympiadi
1039 2108 1144 2170 filium

128 2192 198 2256 fore
217 2193 319 2256 talem
333 2194 527 2278 praegnanti
547 2193 694 2257 dixerant
708 2194 896 2277 parituram,
916 2195 1055 2276 quinon
1075 2195 1144 2258 cius

128 2280 225 2344 modo
250 2280 396 2345 adsertor
423 2285 521 2363 esset,
550 2280 605 2344 sed
628 2281 746 2345 vindex
773 2302 898 2364 quoque
926 2281 1030 2364 patris
1058 2281 1145 2346 foret

9 2431 15 2445 ,
129 2366 279 2432 futurus?
326 2367 371 2433 Et
397 2367 544 2432 cumbis
568 2367 662 2434 dictis
686 2369 833 2433 moritur.
879 2366 1020 2434 (iuratur
1043 2371 1144 2455 igitur

89 2473 115 2515 aa
129 2456 282 2540 Philippo
308 2458 398 2540 regia
421 2456 588 2539 sepultura
616 2458 754 2522 maerori
777 2452 934 2523 eiusmodi
962 2461 1051 2523 omni
1074 2459 1144 2523 Ma-

130 2544 264 2608 cedonia
287 2539 320 2608 et
343 2545 467 2629 reliqua
490 2543 628 2609 Graecia
650 2547 867 2631 conspirante.

221 2631 278 2699 19.
302 2631 369 2697 Ubi
388 2633 490 2716 igitur
508 2633 574 2697 iam
593 2635 674 2698 moti
693 2635 795 2699 animi
813 2635 982 2701 hominum
1003 2637 1060 2700 illa
1111 2642 1162 2695 XX

130 2742 238 2784 rerum
261 2721 406 2785 novitate
431 2721 605 2806 quietiores
628 2723 691 2787 visi
715 2745 785 2788 esse
808 2728 993 2809 potuerunt,
1017 2726 1176 2790 scandit1

220 2900 234 2947 1
254 2895 421 2965 Pausanias,
445 2912 516 2964 quae
540 2895 676 2968 diximus,
699 2897 846 2953 moliretur
870 2900 903 2956 P.
982 2905 999 2952 4
1018 2897 1144 2968 Philippi

129 2982 180 3021 om.
202 2967 234 3020 P.
309 2968 415 3021 thaso
434 2984 485 3022 om.
505 2968 540 3022 P.

220 3037 403 3093 18.1atum
424 3039 458 3093 P.
507 3044 540 3092 14
560 3039 678 3094 eundem
698 3040 724 3094 ei
742 3039 845 3095 advehi
864 3041 930 3095 illos
949 3042 981 3093 P.
1027 3045 1059 3092 15
1080 3055 1144 3093 con-

129 3108 182 3163 lati
200 3110 232 3163 P.
259 3108 336 3163 misit
354 3126 403 3165 om.
423 3111 455 3165 P.
504 3115 536 3164 16
555 3126 675 3180 poenam
694 3128 803 3179 quoque
822 3111 949 3180 profecto
969 3112 1001 3164 P.
1055 3115 1087 3162 18
1107 3111 1143 3163 ad

129 3180 325 3235 huiuscemodi
344 3182 378 3237 P.
408 3184 438 3235 et
455 3182 482 3236 h.
502 3188 530 3236 Τ.
585 3187 619 3236 20
638 3180 721 3236 illaec
742 3183 776 3236 P.
804 3182 855 3235 illa
873 3183 903 3235 et
921 3182 957 3234 A.
1011 3186 1044 3233 22
1064 3196 1143 3248 prae-

130 3249 259 3306 dixerant
273 3268 337 3306 eum
351 3269 408 3308 non
422 3251 562 3308 eiusmodi
576 3253 758 3319 adsertorem,
772 3253 821 3306 sed
834 3253 867 3305 ut
881 3251 1019 3306 vindicem
1033 3268 1143 3318 quoque

128 3322 218 3390 patris
237 3322 361 3376 futurum
379 3331 407 3378 Τ.
432 3325 558 3379 similiter
578 3324 612 3378 P.
654 3329 689 3377 24
709 3323 791 3378 dictis
811 3340 860 3377 om.
882 3323 950 3378 r.P.
989 3325 1022 3374 26
1043 3338 1059 3374 a
1078 3320 1143 3374 Phi-

128 3390 206 3460 lippo
227 3393 260 3446 P.
289 3394 393 3447 merori
411 3395 548 3449 eiusmodi
567 3395 633 3452 r.P.
662 3394 692 3448 in
712 3395 875 3449 memoriam
895 3392 1020 3447 eiusdem
1039 3391 1074 3445 A.

219 3462 267 3517 19.
294 3469 327 3518 27
347 3465 404 3519 iam
423 3465 493 3520 moti
512 3465 638 3520 RMci'.
667 3468 713 3535 (ex
735 3466 803 3535 T.?).
832 3465 920 3520 amoti
938 3466 974 3519 A.
1030 3469 1064 3517 28
1084 3480 1144 3517 esse

24 3571 29 3581 .
129 3546 179 3586 om.
198 3532 267 3585 nP.
