<?xml version="1.0" encoding="UTF-8"?>
<!DOCTYPE html PUBLIC "-//W3C//DTD XHTML 1.0 Transitional//EN"
    "http://www.w3.org/TR/xhtml1/DTD/xhtml1-transitional.dtd">
<html xmlns="http://www.w3.org/1999/xhtml" xml:lang="en" lang="en">
 <head>
  <title>
</title>
<meta http-equiv="Content-Type" content="text/html;charset=utf-8" />
  <meta name='ocr-system' content='tesseract 3.04.00' />
  <meta name='ocr-capabilities' content='ocr_page ocr_carea ocr_par ocr_line ocrx_word'/>
</head>
<body>
  <div class='ocr_page' id='page_1' title='image "./domitiivlpianiq00huscgoog/domitiivlpianiq00huscgoog_0482.png"; bbox 0 0 2376 3938; ppageno 0'>
   <div class='ocr_carea' id='block_1_1' title="bbox 248 202 1084 284">
    <p class='ocr_par' dir='ltr' id='par_1_1' title="bbox 248 202 1084 284">
     <span class='ocr_line' id='line_1_1' title="bbox 248 202 1084 284; baseline 0.02 -19"><span class='ocrx_word' id='word_1_1' title='bbox 248 202 252 209; x_wconf 71' lang='grc'><strong>’</strong></span> <span class='ocrx_word' id='word_1_2' title='bbox 337 212 629 271; x_wconf 80' lang='lat' dir='ltr'>ARGONAUTIGON</span> <span class='ocrx_word' id='word_1_3' title='bbox 647 217 758 272; x_wconf 81' lang='lat' dir='ltr'>LIBER</span> <span class='ocrx_word' id='word_1_4' title='bbox 776 219 810 273; x_wconf 91' lang='lat' dir='ltr'>II.</span> <span class='ocrx_word' id='word_1_5' title='bbox 831 224 834 229; x_wconf 85' lang='grc'><strong>“</strong></span> <span class='ocrx_word' id='word_1_6' title='bbox 1040 219 1084 284; x_wconf 83' lang='grc'>39</span> 
     </span>
    </p>
   </div>
   <div class='ocr_carea' id='block_1_2' title="bbox 59 358 1080 3629">
    <p class='ocr_par' dir='ltr' id='par_1_2' title="bbox 61 358 920 799">
     <span class='ocr_line' id='line_1_2' title="bbox 64 358 914 445; baseline 0.004 -18"><span class='ocrx_word' id='word_1_7' title='bbox 64 367 157 427; x_wconf 86' lang='lat' dir='ltr'>cauda</span> <span class='ocrx_word' id='word_1_8' title='bbox 180 364 270 445; x_wconf 87' lang='lat' dir='ltr'>redit,</span> <span class='ocrx_word' id='word_1_9' title='bbox 292 381 456 443; x_wconf 89' lang='lat' dir='ltr'>passosque</span> <span class='ocrx_word' id='word_1_10' title='bbox 480 367 564 426; x_wconf 92' lang='lat' dir='ltr'>sinus</span> <span class='ocrx_word' id='word_1_11' title='bbox 586 367 664 444; x_wconf 84' lang='lat' dir='ltr'><strong>rapit</strong></span> <span class='ocrx_word' id='word_1_12' title='bbox 687 358 778 428; x_wconf 87' lang='lat' dir='ltr'>ardua</span> <span class='ocrx_word' id='word_1_13' title='bbox 802 370 914 430; x_wconf 86' lang='lat' dir='ltr'>ceruix.</span> 
     </span>
     <span class='ocr_line' id='line_1_3' title="bbox 62 452 872 534; baseline 0.001 -18"><span class='ocrx_word' id='word_1_14' title='bbox 62 457 142 517; x_wconf 90' lang='lat' dir='ltr'>illam</span> <span class='ocrx_word' id='word_1_15' title='bbox 164 452 387 513; x_wconf 76' lang='lat' dir='ltr'><strong>incumbentem</strong></span> <span class='ocrx_word' id='word_1_16' title='bbox 409 472 464 532; x_wconf 94' lang='lat' dir='ltr'>per</span> <span class='ocrx_word' id='word_1_17' title='bbox 486 454 565 514; x_wconf 89' lang='lat' dir='ltr'>mille</span> <span class='ocrx_word' id='word_1_18' title='bbox 589 453 740 516; x_wconf 86' lang='lat' dir='ltr'>uolumina</span> <span class='ocrx_word' id='word_1_19' title='bbox 761 463 872 534; x_wconf 88' lang='lat' dir='ltr'>pontus</span> 
     </span>
     <span class='ocr_line' id='line_1_4' title="bbox 63 541 920 625; baseline 0.002 -21"><span class='ocrx_word' id='word_1_20' title='bbox 63 544 256 624; x_wconf 80' lang='lat' dir='ltr'>prosequitur</span> <span class='ocrx_word' id='word_1_21' title='bbox 279 541 364 602; x_wconf 87' lang='lat' dir='ltr'>lateri</span> <span class='ocrx_word' id='word_1_22' title='bbox 387 541 551 625; x_wconf 80' lang='lat' dir='ltr'>adsultans,</span> <span class='ocrx_word' id='word_1_23' title='bbox 574 543 758 622; x_wconf 76' lang='lat' dir='ltr'>trepidisque</span> <span class='ocrx_word' id='word_1_24' title='bbox 782 552 920 606; x_wconf 88' lang='lat' dir='ltr'>ruentem</span> 
     </span>
     <span class='ocr_line' id='line_1_5' title="bbox 61 629 909 713; baseline 0 -20"><span class='ocrx_word' id='word_1_25' title='bbox 61 631 201 693; x_wconf 90' lang='lat' dir='ltr'>litoribus</span> <span class='ocrx_word' id='word_1_26' title='bbox 224 649 278 691; x_wconf 88' lang='lat' dir='ltr'>sua</span> <span class='ocrx_word' id='word_1_27' title='bbox 301 632 381 709; x_wconf 85' lang='lat' dir='ltr'>cogit</span> <span class='ocrx_word' id='word_1_28' title='bbox 403 629 526 709; x_wconf 88' lang='lat' dir='ltr'>hiemps.</span> <span class='ocrx_word' id='word_1_29' title='bbox 559 649 619 691; x_wconf 94' lang='lat' dir='ltr'>non</span> <span class='ocrx_word' id='word_1_30' title='bbox 642 631 783 692; x_wconf 86' lang='lat' dir='ltr'>fluctibus</span> <span class='ocrx_word' id='word_1_31' title='bbox 806 635 909 713; x_wconf 88' lang='lat' dir='ltr'>aequis</span> 
     </span>
     <span class='ocr_line' id='line_1_6' title="bbox 63 718 816 799; baseline -0.001 -18"><span class='ocrx_word' id='word_1_32' title='bbox 63 720 194 781; x_wconf 82' lang='lat' dir='ltr'>nubiferi</span> <span class='ocrx_word' id='word_1_33' title='bbox 217 721 302 779; x_wconf 90' lang='lat' dir='ltr'>uenit</span> <span class='ocrx_word' id='word_1_34' title='bbox 325 719 404 779; x_wconf 92' lang='lat' dir='ltr'>unda</span> <span class='ocrx_word' id='word_1_35' title='bbox 426 718 508 799; x_wconf 85' lang='lat' dir='ltr'>Noti,</span> <span class='ocrx_word' id='word_1_36' title='bbox 532 738 592 779; x_wconf 90' lang='lat' dir='ltr'>non</span> <span class='ocrx_word' id='word_1_37' title='bbox 615 718 734 782; x_wconf 86' lang='lat' dir='ltr'>Africus</span> <span class='ocrx_word' id='word_1_38' title='bbox 758 719 816 782; x_wconf 89' lang='lat' dir='ltr'>alto</span> 
     </span>
    </p>

    <p class='ocr_par' dir='ltr' id='par_1_3' title="bbox 61 809 941 976">
     <span class='ocr_line' id='line_1_7' title="bbox 61 809 941 888; baseline 0.001 -19"><span class='ocrx_word' id='word_1_39' title='bbox 61 817 163 870; x_wconf 85' lang='lat' dir='ltr'>tantus</span> <span class='ocrx_word' id='word_1_40' title='bbox 187 815 257 868; x_wconf 89' lang='grc'>0001</span> <span class='ocrx_word' id='word_1_41' title='bbox 279 809 443 886; x_wconf 91' lang='lat' dir='ltr'>patriisque</span> <span class='ocrx_word' id='word_1_42' title='bbox 467 825 572 868; x_wconf 91' lang='lat' dir='ltr'>manus</span> <span class='ocrx_word' id='word_1_43' title='bbox 596 827 664 869; x_wconf 92' lang='lat' dir='ltr'>cum</span> <span class='ocrx_word' id='word_1_44' title='bbox 687 809 794 888; x_wconf 91' lang='lat' dir='ltr'>plenus</span> <span class='ocrx_word' id='word_1_45' title='bbox 816 809 941 871; x_wconf 92' lang='lat' dir='ltr'>habenis</span> 
     </span>
     <span class='ocr_line' id='line_1_8' title="bbox 64 896 798 976; baseline -0.001 -18"><span class='ocrx_word' id='word_1_46' title='bbox 64 897 156 958; x_wconf 87' lang='lat' dir='ltr'>Orion</span> <span class='ocrx_word' id='word_1_47' title='bbox 180 896 321 975; x_wconf 88' lang='lat' dir='ltr'>bipedum</span> <span class='ocrx_word' id='word_1_48' title='bbox 344 896 415 955; x_wconf 87' lang='lat' dir='ltr'>tlatu</span> <span class='ocrx_word' id='word_1_49' title='bbox 438 914 519 956; x_wconf 92' lang='lat' dir='ltr'>mare</span> <span class='ocrx_word' id='word_1_50' title='bbox 543 896 621 957; x_wconf 90' lang='lat' dir='ltr'>tollit</span> <span class='ocrx_word' id='word_1_51' title='bbox 644 914 798 976; x_wconf 89' lang='lat' dir='ltr'>equorum.</span> 
     </span>
    </p>

    <p class='ocr_par' dir='ltr' id='par_1_4' title="bbox 62 984 888 1242">
     <span class='ocr_line' id='line_1_9' title="bbox 63 984 860 1066; baseline 0.003 -21"><span class='ocrx_word' id='word_1_52' title='bbox 63 1005 133 1046; x_wconf 90' lang='lat' dir='ltr'>ecce</span> <span class='ocrx_word' id='word_1_53' title='bbox 157 985 264 1045; x_wconf 92' lang='lat' dir='ltr'>ducem</span> <span class='ocrx_word' id='word_1_54' title='bbox 286 984 409 1062; x_wconf 76' lang='lat' dir='ltr'>placitae</span> <span class='ocrx_word' id='word_1_55' title='bbox 434 984 519 1044; x_wconf 82' lang='lat' dir='ltr'>iuriis</span> <span class='ocrx_word' id='word_1_56' title='bbox 543 985 721 1047; x_wconf 84' lang='lat' dir='ltr'>crudescere</span> <span class='ocrx_word' id='word_1_57' title='bbox 744 1004 860 1066; x_wconf 83' lang='lat' dir='ltr'>pugnae</span> 
     </span>
     <span class='ocr_line' id='line_1_10' title="bbox 63 1075 886 1153; baseline 0.002 -19"><span class='ocrx_word' id='word_1_58' title='bbox 63 1080 295 1151; x_wconf 84' lang='lat' dir='ltr'>surgentemque</span> <span class='ocrx_word' id='word_1_59' title='bbox 320 1075 393 1133; x_wconf 91' lang='lat' dir='ltr'>toris</span> <span class='ocrx_word' id='word_1_60' title='bbox 417 1080 518 1151; x_wconf 89' lang='lat' dir='ltr'>stupet</span> <span class='ocrx_word' id='word_1_61' title='bbox 540 1076 757 1153; x_wconf 88' lang='lat' dir='ltr'>immanemque</span> <span class='ocrx_word' id='word_1_62' title='bbox 781 1082 886 1153; x_wconf 90' lang='lat' dir='ltr'>paratu</span> 
     </span>
     <span class='ocr_line' id='line_1_11' title="bbox 62 1160 888 1242; baseline 0.002 -21"><span class='ocrx_word' id='word_1_63' title='bbox 62 1162 204 1222; x_wconf 80' lang='lat' dir='ltr'>Aeacides</span> <span class='ocrx_word' id='word_1_64' title='bbox 226 1160 406 1239; x_wconf 90' lang='lat' dir='ltr'>pulsentque</span> <span class='ocrx_word' id='word_1_65' title='bbox 429 1180 537 1240; x_wconf 91' lang='lat' dir='ltr'>graues</span> <span class='ocrx_word' id='word_1_66' title='bbox 560 1169 594 1221; x_wconf 92' lang='lat' dir='ltr'>ut</span> <span class='ocrx_word' id='word_1_67' title='bbox 617 1169 700 1242; x_wconf 88' lang='lat' dir='ltr'>terga</span> <span class='ocrx_word' id='word_1_68' title='bbox 722 1163 888 1241; x_wconf 90' lang='lat' dir='ltr'>pharetrae.</span> 
     </span>
    </p>

    <p class='ocr_par' dir='ltr' id='par_1_5' title="bbox 61 1249 927 1506">
     <span class='ocr_line' id='line_1_12' title="bbox 62 1249 927 1330; baseline 0.003 -21"><span class='ocrx_word' id='word_1_69' title='bbox 62 1250 111 1310; x_wconf 91' lang='lat' dir='ltr'>ille</span> <span class='ocrx_word' id='word_1_70' title='bbox 135 1257 250 1328; x_wconf 91' lang='lat' dir='ltr'>patrem</span> <span class='ocrx_word' id='word_1_71' title='bbox 272 1249 428 1328; x_wconf 88' lang='lat' dir='ltr'>pelagique</span> <span class='ocrx_word' id='word_1_72' title='bbox 452 1251 524 1309; x_wconf 93' lang='lat' dir='ltr'>deos</span> <span class='ocrx_word' id='word_1_73' title='bbox 548 1268 659 1329; x_wconf 93' lang='lat' dir='ltr'>suaque</span> <span class='ocrx_word' id='word_1_74' title='bbox 680 1270 765 1311; x_wconf 88' lang='lat' dir='ltr'>arma</span> <span class='ocrx_word' id='word_1_75' title='bbox 786 1260 927 1330; x_wconf 88' lang='lat' dir='ltr'>precatus</span> 
     </span>
     <span class='ocr_line' id='line_1_13' title="bbox 61 1338 851 1422; baseline 0.003 -24"><span class='ocrx_word' id='word_1_76' title='bbox 61 1338 175 1399; x_wconf 90' lang='lat' dir='ltr'>insiluit</span> <span class='ocrx_word' id='word_1_77' title='bbox 199 1338 334 1418; x_wconf 87' lang='lat' dir='ltr'>scopulo,</span> <span class='ocrx_word' id='word_1_78' title='bbox 357 1346 530 1416; x_wconf 89' lang='lat' dir='ltr'>motumque</span> <span class='ocrx_word' id='word_1_79' title='bbox 555 1358 570 1398; x_wconf 93' lang='lat' dir='ltr'>e</span> <span class='ocrx_word' id='word_1_80' title='bbox 595 1338 715 1422; x_wconf 81' lang='lat' dir='ltr'>sedibus</span> <span class='ocrx_word' id='word_1_81' title='bbox 740 1357 851 1418; x_wconf 90' lang='lat' dir='ltr'>aequor</span> 
     </span>
     <span class='ocr_line' id='line_1_14' title="bbox 63 1425 819 1506; baseline 0.001 -19"><span class='ocrx_word' id='word_1_82' title='bbox 63 1428 180 1487; x_wconf 88' lang='lat' dir='ltr'>horruit</span> <span class='ocrx_word' id='word_1_83' title='bbox 204 1434 234 1486; x_wconf 91' lang='lat' dir='ltr'>et</span> <span class='ocrx_word' id='word_1_84' title='bbox 257 1425 329 1486; x_wconf 91' lang='lat' dir='ltr'>celsi</span> <span class='ocrx_word' id='word_1_85' title='bbox 358 1430 487 1506; x_wconf 87' lang='lat' dir='ltr'>spatiosa</span> <span class='ocrx_word' id='word_1_86' title='bbox 509 1427 661 1502; x_wconf 91' lang='lat' dir='ltr'>uolumina</span> <span class='ocrx_word' id='word_1_87' title='bbox 684 1431 819 1488; x_wconf 89' lang='lat' dir='ltr'>monstri.</span> 
     </span>
    </p>

    <p class='ocr_par' dir='ltr' id='par_1_6' title="bbox 61 1514 909 2125">
     <span class='ocr_line' id='line_1_15' title="bbox 62 1514 841 1594; baseline 0.001 -19"><span class='ocrx_word' id='word_1_88' title='bbox 62 1515 157 1594; x_wconf 92' lang='lat' dir='ltr'>qualis</span> <span class='ocrx_word' id='word_1_89' title='bbox 180 1514 231 1575; x_wconf 92' lang='lat' dir='ltr'>ubi</span> <span class='ocrx_word' id='word_1_90' title='bbox 254 1533 271 1574; x_wconf 88' lang='lat' dir='ltr'>a</span> <span class='ocrx_word' id='word_1_91' title='bbox 293 1514 383 1594; x_wconf 87' lang='lat' dir='ltr'>gelidi</span> <span class='ocrx_word' id='word_1_92' title='bbox 405 1514 516 1575; x_wconf 84' lang='lat' dir='ltr'>Roreas</span> <span class='ocrx_word' id='word_1_93' title='bbox 540 1514 724 1575; x_wconf 88' lang='lat' dir='ltr'>conuallibus</span> <span class='ocrx_word' id='word_1_94' title='bbox 747 1515 841 1576; x_wconf 90' lang='lat' dir='ltr'>Hebri</span> 
     </span>
     <span class='ocr_line' id='line_1_16' title="bbox 62 1602 858 1682; baseline 0 -18"><span class='ocrx_word' id='word_1_95' title='bbox 62 1603 178 1664; x_wconf 89' lang='lat' dir='ltr'>tollitur</span> <span class='ocrx_word' id='word_1_96' title='bbox 201 1609 232 1662; x_wconf 90' lang='lat' dir='ltr'>et</span> <span class='ocrx_word' id='word_1_97' title='bbox 254 1602 393 1663; x_wconf 88' lang='lat' dir='ltr'>uolucres</span> <span class='ocrx_word' id='word_1_98' title='bbox 416 1603 546 1682; x_wconf 87' lang='lat' dir='ltr'>Riphaea</span> <span class='ocrx_word' id='word_1_99' title='bbox 569 1622 623 1682; x_wconf 93' lang='lat' dir='ltr'>per</span> <span class='ocrx_word' id='word_1_100' title='bbox 647 1603 739 1663; x_wconf 91' lang='lat' dir='ltr'>ardua</span> <span class='ocrx_word' id='word_1_101' title='bbox 762 1604 858 1665; x_wconf 91' lang='lat' dir='ltr'>nubes</span> 
     </span>
     <span class='ocr_line' id='line_1_17' title="bbox 62 1685 894 1774; baseline 0.001 -23"><span class='ocrx_word' id='word_1_102' title='bbox 62 1693 238 1772; x_wconf 87' lang='lat' dir='ltr'>praecipitat</span> <span class='ocrx_word' id='word_1_103' title='bbox 262 1685 362 1773; x_wconf 92' lang='lat' dir='ltr'>(piceo</span> <span class='ocrx_word' id='word_1_104' title='bbox 386 1699 531 1752; x_wconf 88' lang='grc'>00110111</span> <span class='ocrx_word' id='word_1_105' title='bbox 555 1698 639 1751; x_wconf 88' lang='grc'>10001</span> <span class='ocrx_word' id='word_1_106' title='bbox 662 1694 760 1752; x_wconf 87' lang='grc'>010010</span> <span class='ocrx_word' id='word_1_107' title='bbox 783 1686 894 1774; x_wconf 89' lang='lat' dir='ltr'>caelo):</span> 
     </span>
     <span class='ocr_line' id='line_1_18' title="bbox 62 1779 890 1860; baseline 0.001 -21"><span class='ocrx_word' id='word_1_108' title='bbox 62 1780 111 1840; x_wconf 94' lang='lat' dir='ltr'>illa</span> <span class='ocrx_word' id='word_1_109' title='bbox 135 1779 222 1839; x_wconf 90' lang='lat' dir='ltr'>simul</span> <span class='ocrx_word' id='word_1_110' title='bbox 244 1779 352 1841; x_wconf 90' lang='lat' dir='ltr'>molem</span> <span class='ocrx_word' id='word_1_111' title='bbox 375 1779 544 1841; x_wconf 84' lang='lat' dir='ltr'>horrificam</span> <span class='ocrx_word' id='word_1_112' title='bbox 568 1780 783 1859; x_wconf 89' lang='lat' dir='ltr'>scopulosaque</span> <span class='ocrx_word' id='word_1_113' title='bbox 806 1788 890 1860; x_wconf 88' lang='lat' dir='ltr'>terga</span> 
     </span>
     <span class='ocr_line' id='line_1_19' title="bbox 62 1868 909 1949; baseline 0.002 -22"><span class='ocrx_word' id='word_1_114' title='bbox 62 1875 219 1948; x_wconf 90' lang='lat' dir='ltr'>promouet</span> <span class='ocrx_word' id='word_1_115' title='bbox 241 1869 413 1947; x_wconf 85' lang='lat' dir='ltr'>ingentique</span> <span class='ocrx_word' id='word_1_116' title='bbox 437 1869 516 1928; x_wconf 91' lang='lat' dir='ltr'>unda</span> <span class='ocrx_word' id='word_1_117' title='bbox 539 1868 632 1949; x_wconf 84' lang='lat' dir='ltr'>subit3</span> <span class='ocrx_word' id='word_1_118' title='bbox 656 1871 817 1929; x_wconf 90' lang='lat' dir='ltr'>intremere</span> <span class='ocrx_word' id='word_1_119' title='bbox 840 1868 909 1929; x_wconf 90' lang='lat' dir='ltr'>inde</span> 
     </span>
     <span class='ocr_line' id='line_1_20' title="bbox 61 1957 886 2036; baseline 0.004 -20"><span class='ocrx_word' id='word_1_120' title='bbox 61 1957 203 2035; x_wconf 90' lang='lat' dir='ltr'>inlidique</span> <span class='ocrx_word' id='word_1_121' title='bbox 227 1957 311 2016; x_wconf 90' lang='lat' dir='ltr'>uadis</span> <span class='ocrx_word' id='word_1_122' title='bbox 334 1976 445 2036; x_wconf 91' lang='lat' dir='ltr'>pronae</span> <span class='ocrx_word' id='word_1_123' title='bbox 469 1966 557 2036; x_wconf 92' lang='grc'>01000</span> <span class='ocrx_word' id='word_1_124' title='bbox 581 1976 740 2036; x_wconf 89' lang='lat' dir='ltr'>resurgere</span> <span class='ocrx_word' id='word_1_125' title='bbox 762 1976 886 2036; x_wconf 76' lang='lat' dir='ltr'>puppes</span> 
     </span>
     <span class='ocr_line' id='line_1_21' title="bbox 62 2043 777 2125; baseline 0.003 -21"><span class='ocrx_word' id='word_1_126' title='bbox 62 2053 187 2124; x_wconf 84' lang='lat' dir='ltr'>occupat</span> <span class='ocrx_word' id='word_1_127' title='bbox 210 2043 327 2105; x_wconf 82' lang='lat' dir='ltr'>Alcides</span> <span class='ocrx_word' id='word_1_128' title='bbox 351 2064 453 2105; x_wconf 92' lang='lat' dir='ltr'>arcum</span> <span class='ocrx_word' id='word_1_129' title='bbox 476 2053 597 2125; x_wconf 92' lang='lat' dir='ltr'>totaque</span> <span class='ocrx_word' id='word_1_130' title='bbox 620 2045 777 2124; x_wconf 88' lang='lat' dir='ltr'>pharetrae</span> 
     </span>
    </p>

    <p class='ocr_par' dir='ltr' id='par_1_7' title="bbox 62 2133 962 2373">
     <span class='ocr_line' id='line_1_22' title="bbox 62 2133 945 2213; baseline 0.002 -20"><span class='ocrx_word' id='word_1_131' title='bbox 62 2133 141 2194; x_wconf 91' lang='lat' dir='ltr'>nube</span> <span class='ocrx_word' id='word_1_132' title='bbox 165 2135 282 2212; x_wconf 90' lang='lat' dir='ltr'>premit.</span> <span class='ocrx_word' id='word_1_133' title='bbox 329 2152 389 2194; x_wconf 91' lang='lat' dir='ltr'>non</span> <span class='ocrx_word' id='word_1_134' title='bbox 412 2133 460 2195; x_wconf 92' lang='lat' dir='ltr'>illa</span> <span class='ocrx_word' id='word_1_135' title='bbox 484 2137 576 2213; x_wconf 90' lang='lat' dir='ltr'>magis</span> <span class='ocrx_word' id='word_1_136' title='bbox 600 2152 688 2213; x_wconf 88' lang='lat' dir='ltr'>quam</span> <span class='ocrx_word' id='word_1_137' title='bbox 712 2135 782 2195; x_wconf 87' lang='lat' dir='ltr'>sede</span> <span class='ocrx_word' id='word_1_138' title='bbox 805 2142 945 2196; x_wconf 86' lang='lat' dir='ltr'>mouetur</span> 
     </span>
     <span class='ocr_line' id='line_1_23' title="bbox 62 2219 962 2302; baseline 0.002 -20"><span class='ocrx_word' id='word_1_139' title='bbox 62 2239 186 2301; x_wconf 90' lang='lat' dir='ltr'>magnus</span> <span class='ocrx_word' id='word_1_140' title='bbox 208 2219 301 2302; x_wconf 80' lang='lat' dir='ltr'>Eryx,</span> <span class='ocrx_word' id='word_1_141' title='bbox 325 2222 442 2283; x_wconf 82' lang='lat' dir='ltr'>deferre</span> <span class='ocrx_word' id='word_1_142' title='bbox 466 2223 560 2283; x_wconf 91' lang='grc'>0011111</span> <span class='ocrx_word' id='word_1_143' title='bbox 583 2241 673 2302; x_wconf 89' lang='grc'>000111</span> <span class='ocrx_word' id='word_1_144' title='bbox 695 2223 822 2283; x_wconf 90' lang='lat' dir='ltr'>uallibus</span> <span class='ocrx_word' id='word_1_145' title='bbox 841 2222 962 2285; x_wconf 91' lang='lat' dir='ltr'>imbres.</span> 
     </span>
     <span class='ocr_line' id='line_1_24' title="bbox 62 2309 792 2373; baseline 0.003 -2"><span class='ocrx_word' id='word_1_146' title='bbox 62 2314 121 2372; x_wconf 92' lang='lat' dir='ltr'>iam</span> <span class='ocrx_word' id='word_1_147' title='bbox 144 2309 246 2369; x_wconf 90' lang='lat' dir='ltr'>breuis</span> <span class='ocrx_word' id='word_1_148' title='bbox 270 2318 299 2370; x_wconf 91' lang='lat' dir='ltr'>et</span> <span class='ocrx_word' id='word_1_149' title='bbox 321 2310 380 2370; x_wconf 90' lang='lat' dir='ltr'>telo</span> <span class='ocrx_word' id='word_1_150' title='bbox 404 2311 520 2372; x_wconf 90' lang='lat' dir='ltr'>uolucri</span> <span class='ocrx_word' id='word_1_151' title='bbox 544 2330 604 2371; x_wconf 95' lang='lat' dir='ltr'>non</span> <span class='ocrx_word' id='word_1_152' title='bbox 627 2311 710 2371; x_wconf 87' lang='lat' dir='ltr'>utilis</span> <span class='ocrx_word' id='word_1_153' title='bbox 734 2330 792 2373; x_wconf 91' lang='lat' dir='ltr'>aer.</span> 
     </span>
    </p>

    <p class='ocr_par' dir='ltr' id='par_1_8' title="bbox 62 2399 793 2481">
     <span class='ocr_line' id='line_1_25' title="bbox 62 2399 793 2481; baseline 0 -21"><span class='ocrx_word' id='word_1_154' title='bbox 62 2409 126 2460; x_wconf 93' lang='lat' dir='ltr'>tum</span> <span class='ocrx_word' id='word_1_155' title='bbox 149 2416 222 2458; x_wconf 91' lang='lat' dir='ltr'>uero</span> <span class='ocrx_word' id='word_1_156' title='bbox 245 2399 382 2460; x_wconf 83' lang='lat' dir='ltr'>fremitus</span> <span class='ocrx_word' id='word_1_157' title='bbox 405 2402 533 2479; x_wconf 86' lang='grc'>0001000</span> <span class='ocrx_word' id='word_1_158' title='bbox 558 2401 672 2460; x_wconf 89' lang='lat' dir='ltr'>insania</span> <span class='ocrx_word' id='word_1_159' title='bbox 695 2403 793 2481; x_wconf 90' lang='lat' dir='ltr'>coepti</span> 
     </span>
    </p>

    <p class='ocr_par' dir='ltr' id='par_1_9' title="bbox 59 2487 1077 3185">
     <span class='ocr_line' id='line_1_26' title="bbox 62 2487 834 2569; baseline 0 -20"><span class='ocrx_word' id='word_1_160' title='bbox 62 2496 92 2549; x_wconf 88' lang='lat' dir='ltr'>et</span> <span class='ocrx_word' id='word_1_161' title='bbox 115 2488 223 2548; x_wconf 89' lang='lat' dir='ltr'>tacitus</span> <span class='ocrx_word' id='word_1_162' title='bbox 245 2487 343 2565; x_wconf 89' lang='lat' dir='ltr'>pudor</span> <span class='ocrx_word' id='word_1_163' title='bbox 366 2495 397 2547; x_wconf 94' lang='lat' dir='ltr'>et</span> <span class='ocrx_word' id='word_1_164' title='bbox 419 2507 526 2548; x_wconf 88' lang='lat' dir='ltr'>rursus</span> <span class='ocrx_word' id='word_1_165' title='bbox 548 2487 710 2568; x_wconf 90' lang='lat' dir='ltr'>pallescere</span> <span class='ocrx_word' id='word_1_166' title='bbox 733 2491 834 2569; x_wconf 89' lang='lat' dir='ltr'>uirgo:</span> 
     </span>
     <span class='ocr_line' id='line_1_27' title="bbox 60 2577 837 2658; baseline 0.001 -22"><span class='ocrx_word' id='word_1_167' title='bbox 60 2577 170 2656; x_wconf 91' lang='lat' dir='ltr'>proicit</span> <span class='ocrx_word' id='word_1_168' title='bbox 193 2593 273 2636; x_wconf 83' lang='lat' dir='ltr'>arma</span> <span class='ocrx_word' id='word_1_169' title='bbox 296 2594 399 2658; x_wconf 86' lang='lat' dir='ltr'>manu,</span> <span class='ocrx_word' id='word_1_170' title='bbox 423 2577 561 2658; x_wconf 92' lang='lat' dir='ltr'>scopulos</span> <span class='ocrx_word' id='word_1_171' title='bbox 585 2579 743 2656; x_wconf 89' lang='lat' dir='ltr'>uicinaque</span> <span class='ocrx_word' id='word_1_172' title='bbox 767 2596 837 2638; x_wconf 86' lang='lat' dir='ltr'>saxa</span> 
     </span>
     <span class='ocr_line' id='line_1_28' title="bbox 61 2665 818 2744; baseline 0.001 -19"><span class='ocrx_word' id='word_1_173' title='bbox 61 2665 198 2744; x_wconf 83' lang='lat' dir='ltr'>respicit,</span> <span class='ocrx_word' id='word_1_174' title='bbox 218 2672 248 2724; x_wconf 87' lang='grc'>01</span> <span class='ocrx_word' id='word_1_175' title='bbox 271 2672 415 2742; x_wconf 86' lang='grc'>0000111111</span> <span class='ocrx_word' id='word_1_176' title='bbox 437 2669 537 2726; x_wconf 88' lang='grc'>000110</span> <span class='ocrx_word' id='word_1_177' title='bbox 561 2667 660 2728; x_wconf 89' lang='lat' dir='ltr'>adiuta</span> <span class='ocrx_word' id='word_1_178' title='bbox 682 2674 818 2728; x_wconf 90' lang='lat' dir='ltr'>uetustas</span> 
     </span>
     <span class='ocr_line' id='line_1_29' title="bbox 61 2751 856 2834; baseline 0.001 -21"><span class='ocrx_word' id='word_1_179' title='bbox 61 2751 211 2831; x_wconf 90' lang='lat' dir='ltr'>inpulerat</span> <span class='ocrx_word' id='word_1_180' title='bbox 232 2755 357 2830; x_wconf 91' lang='lat' dir='ltr'>pontiue</span> <span class='ocrx_word' id='word_1_181' title='bbox 381 2756 494 2834; x_wconf 80' lang='lat' dir='ltr'>fragor,</span> <span class='ocrx_word' id='word_1_182' title='bbox 517 2761 632 2815; x_wconf 87' lang='lat' dir='ltr'>tantum</span> <span class='ocrx_word' id='word_1_183' title='bbox 656 2755 781 2816; x_wconf 88' lang='lat' dir='ltr'>abscidit</span> <span class='ocrx_word' id='word_1_184' title='bbox 804 2755 856 2814; x_wconf 94' lang='lat' dir='ltr'>imi</span> 
     </span>
     <span class='ocr_line' id='line_1_30' title="bbox 60 2841 1077 2921; baseline 0 -20"><span class='ocrx_word' id='word_1_185' title='bbox 60 2841 236 2901; x_wconf 88' lang='lat' dir='ltr'>concutiens</span> <span class='ocrx_word' id='word_1_186' title='bbox 259 2858 275 2900; x_wconf 90' lang='lat' dir='ltr'>a</span> <span class='ocrx_word' id='word_1_187' title='bbox 299 2843 368 2902; x_wconf 92' lang='lat' dir='ltr'>sede</span> <span class='ocrx_word' id='word_1_188' title='bbox 392 2845 490 2902; x_wconf 91' lang='lat' dir='ltr'>maris.</span> <span class='ocrx_word' id='word_1_189' title='bbox 523 2844 640 2920; x_wconf 92' lang='lat' dir='ltr'>iamque</span> <span class='ocrx_word' id='word_1_190' title='bbox 665 2845 780 2921; x_wconf 87' lang='lat' dir='ltr'>agmine</span> <span class='ocrx_word' id='word_1_191' title='bbox 803 2848 866 2901; x_wconf 93' lang='lat' dir='ltr'>toto</span> <span class='ocrx_word' id='word_1_192' title='bbox 1023 2850 1077 2901; x_wconf 82' lang='lat'>530</span> 
     </span>
     <span class='ocr_line' id='line_1_31' title="bbox 60 2927 993 3010; baseline -0.001 -21"><span class='ocrx_word' id='word_1_193' title='bbox 60 2929 165 3010; x_wconf 88' lang='lat' dir='ltr'>pistris</span> <span class='ocrx_word' id='word_1_194' title='bbox 188 2929 272 2989; x_wconf 89' lang='lat' dir='ltr'>adest</span> <span class='ocrx_word' id='word_1_195' title='bbox 296 2933 481 3009; x_wconf 89' lang='lat' dir='ltr'>miseraeque</span> <span class='ocrx_word' id='word_1_196' title='bbox 504 2931 598 2990; x_wconf 87' lang='lat' dir='ltr'>inhiat</span> <span class='ocrx_word' id='word_1_197' title='bbox 620 2933 678 2991; x_wconf 92' lang='lat' dir='ltr'>iam</span> <span class='ocrx_word' id='word_1_198' title='bbox 700 2932 835 3008; x_wconf 84' lang='lat' dir='ltr'>proxima</span> <span class='ocrx_word' id='word_1_199' title='bbox 857 2927 993 3005; x_wconf 83' lang='lat' dir='ltr'>praedae.</span> 
     </span>
     <span class='ocr_line' id='line_1_32' title="bbox 59 3017 824 3097; baseline -0.003 -20"><span class='ocrx_word' id='word_1_200' title='bbox 59 3025 119 3078; x_wconf 88' lang='lat' dir='ltr'>stat</span> <span class='ocrx_word' id='word_1_201' title='bbox 143 3017 248 3078; x_wconf 89' lang='lat' dir='ltr'>mediis</span> <span class='ocrx_word' id='word_1_202' title='bbox 271 3018 366 3079; x_wconf 90' lang='lat' dir='ltr'>elatus</span> <span class='ocrx_word' id='word_1_203' title='bbox 389 3021 473 3097; x_wconf 91' lang='lat' dir='ltr'>aquis</span> <span class='ocrx_word' id='word_1_204' title='bbox 496 3020 662 3096; x_wconf 91' lang='lat' dir='ltr'>recipitque</span> <span class='ocrx_word' id='word_1_205' title='bbox 685 3025 824 3079; x_wconf 88' lang='lat' dir='ltr'>ruentem</span> 
     </span>
     <span class='ocr_line' id='line_1_33' title="bbox 61 3105 712 3185; baseline 0 -21"><span class='ocrx_word' id='word_1_206' title='bbox 61 3106 179 3165; x_wconf 82' lang='lat' dir='ltr'>Alcides</span> <span class='ocrx_word' id='word_1_207' title='bbox 203 3124 333 3184; x_wconf 83' lang='lat' dir='ltr'>saxoque</span> <span class='ocrx_word' id='word_1_208' title='bbox 355 3110 438 3185; x_wconf 89' lang='lat' dir='ltr'>prior</span> <span class='ocrx_word' id='word_1_209' title='bbox 461 3108 614 3184; x_wconf 87' lang='lat' dir='ltr'>surgentia</span> <span class='ocrx_word' id='word_1_210' title='bbox 638 3105 712 3165; x_wconf 92' lang='lat' dir='ltr'>colla</span> 
     </span>
    </p>

    <p class='ocr_par' dir='ltr' id='par_1_10' title="bbox 60 3193 1080 3451">
     <span class='ocr_line' id='line_1_34' title="bbox 61 3193 776 3273; baseline -0.001 -20"><span class='ocrx_word' id='word_1_211' title='bbox 61 3193 174 3273; x_wconf 80' lang='lat' dir='ltr'>obruit3</span> <span class='ocrx_word' id='word_1_212' title='bbox 197 3194 267 3254; x_wconf 89' lang='lat' dir='ltr'>hinc</span> <span class='ocrx_word' id='word_1_213' title='bbox 291 3195 404 3255; x_wconf 90' lang='lat' dir='ltr'>ualidos</span> <span class='ocrx_word' id='word_1_214' title='bbox 427 3196 533 3256; x_wconf 92' lang='lat' dir='ltr'>nodosi</span> <span class='ocrx_word' id='word_1_215' title='bbox 556 3193 673 3255; x_wconf 91' lang='lat' dir='ltr'>roboris</span> <span class='ocrx_word' id='word_1_216' title='bbox 696 3196 776 3254; x_wconf 92' lang='lat' dir='ltr'>ictus</span> 
     </span>
     <span class='ocr_line' id='line_1_35' title="bbox 61 3281 1080 3362; baseline -0.003 -19"><span class='ocrx_word' id='word_1_217' title='bbox 61 3284 257 3362; x_wconf 89' lang='lat' dir='ltr'>congeminat.</span> <span class='ocrx_word' id='word_1_218' title='bbox 289 3283 398 3344; x_wconf 86' lang='grc'>1100100</span> <span class='ocrx_word' id='word_1_219' title='bbox 423 3284 557 3344; x_wconf 82' lang='lat' dir='ltr'>defertur</span> <span class='ocrx_word' id='word_1_220' title='bbox 579 3281 667 3343; x_wconf 89' lang='lat' dir='ltr'>belua</span> <span class='ocrx_word' id='word_1_221' title='bbox 689 3284 721 3342; x_wconf 92' lang='lat' dir='ltr'>in</span> <span class='ocrx_word' id='word_1_222' title='bbox 744 3283 819 3341; x_wconf 92' lang='lat' dir='ltr'>imos</span> <span class='ocrx_word' id='word_1_223' title='bbox 1026 3289 1080 3341; x_wconf 75' lang='grc'>030</span> 
     </span>
     <span class='ocr_line' id='line_1_36' title="bbox 60 3369 777 3451; baseline -0.001 -21"><span class='ocrx_word' id='word_1_224' title='bbox 60 3373 120 3432; x_wconf 91' lang='lat' dir='ltr'>iam</span> <span class='ocrx_word' id='word_1_225' title='bbox 144 3374 214 3432; x_wconf 90' lang='lat' dir='ltr'>totis</span> <span class='ocrx_word' id='word_1_226' title='bbox 237 3372 369 3432; x_wconf 90' lang='lat' dir='ltr'>resoluta</span> <span class='ocrx_word' id='word_1_227' title='bbox 392 3372 490 3451; x_wconf 81' lang='lat' dir='ltr'>nadis3</span> <span class='ocrx_word' id='word_1_228' title='bbox 513 3369 658 3450; x_wconf 89' lang='lat' dir='ltr'>ldaeaque</span> <span class='ocrx_word' id='word_1_229' title='bbox 682 3377 777 3431; x_wconf 91' lang='lat' dir='ltr'>mater</span> 
     </span>
    </p>

    <p class='ocr_par' dir='ltr' id='par_1_11' title="bbox 59 3458 891 3629">
     <span class='ocr_line' id='line_1_37' title="bbox 59 3458 891 3521; baseline -0.001 -2"><span class='ocrx_word' id='word_1_230' title='bbox 59 3467 91 3519; x_wconf 88' lang='lat' dir='ltr'>et</span> <span class='ocrx_word' id='word_1_231' title='bbox 114 3461 225 3520; x_wconf 93' lang='lat' dir='ltr'>chorus</span> <span class='ocrx_word' id='word_1_232' title='bbox 248 3468 278 3521; x_wconf 88' lang='lat' dir='ltr'>et</span> <span class='ocrx_word' id='word_1_233' title='bbox 302 3464 425 3521; x_wconf 90' lang='lat' dir='ltr'>summis</span> <span class='ocrx_word' id='word_1_234' title='bbox 448 3459 602 3520; x_wconf 88' lang='lat' dir='ltr'>ulularunt</span> <span class='ocrx_word' id='word_1_235' title='bbox 625 3458 751 3519; x_wconf 89' lang='lat' dir='ltr'>collibus</span> <span class='ocrx_word' id='word_1_236' title='bbox 773 3458 891 3519; x_wconf 87' lang='lat' dir='ltr'>Amnes.</span> 
     </span>
     <span class='ocr_line' id='line_1_38' title="bbox 59 3547 856 3629; baseline 0 -23"><span class='ocrx_word' id='word_1_237' title='bbox 59 3551 198 3628; x_wconf 90' lang='lat' dir='ltr'>protinus</span> <span class='ocrx_word' id='word_1_238' title='bbox 221 3568 237 3609; x_wconf 91' lang='grc'>0</span> <span class='ocrx_word' id='word_1_239' title='bbox 262 3549 391 3628; x_wconf 88' lang='lat' dir='ltr'>scopulis</span> <span class='ocrx_word' id='word_1_240' title='bbox 415 3556 445 3609; x_wconf 91' lang='lat' dir='ltr'>et</span> <span class='ocrx_word' id='word_1_241' title='bbox 468 3565 560 3629; x_wconf 90' lang='lat' dir='ltr'>opaca</span> <span class='ocrx_word' id='word_1_242' title='bbox 581 3547 660 3610; x_wconf 87' lang='lat' dir='ltr'>ualle</span> <span class='ocrx_word' id='word_1_243' title='bbox 681 3553 856 3629; x_wconf 75' lang='lat' dir='ltr'>resurgunt</span> 
     </span>
    </p>
   </div>
   <div class='ocr_carea' id='block_1_3' title="bbox 0 0 1192 3938">
    <p class='ocr_par' dir='ltr' id='par_1_12' title="bbox 0 0 1192 3938">
     <span class='ocr_line' id='line_1_39' title="bbox 0 0 1192 3938; baseline 0 1"><span class='ocrx_word' id='word_1_244' title='bbox 0 0 1192 3938; x_wconf 95' lang='lat' dir='ltr'> </span> 
     </span>
    </p>
   </div>
  </div>
 </body>
</html>
