2362 3938
122 170 143 232 2
553 164 661 219 LIBER
679 167 701 220 I.

212 327 245 394 2.
278 329 383 411 Ipitur
405 329 448 393 uel
473 333 647 394 cousuetam
670 329 748 394 ortis
775 329 914 410 coufupit
934 330 1087 410 peritiam
1110 335 1138 394 et
1151 336 1179 392 11

76 489 82 500 ,
120 437 204 484 acore
230 417 319 482 solito
346 416 489 483 adhibuit
513 417 573 482 sibi
595 416 715 499 pelvem
742 421 832 499 utque
858 419 965 482 oiuuio
994 418 1062 482 olio
1089 420 1138 483 iu-

120 509 301 572 strumenta.
346 504 464 585 Quibus
481 506 631 571 iutelleuit
652 525 683 570 se
704 506 886 571 ciuoeucluiu
908 510 1000 588 atqua
1023 507 1063 571 ub
1086 507 1138 571 to-

75 667 77 674 ,
120 593 217 660 stitus
248 593 446 677 mpiuuliuu,
477 595 542 660 uisi
571 594 665 676 fupoe
695 594 868 660 consuleret.
923 595 1003 659 Moe
1035 600 1140 660 ouum

94 704 194 750 croso
216 685 314 768 capite
336 687 366 748 et
386 681 483 748 turbo
505 683 690 763 collectisque
712 682 853 748 omuibus
871 703 948 764 quoe
971 683 1031 748 sibi
1049 689 1141 750 aaut

115 773 325 855 pretiosorum
347 792 447 854 opum,
471 771 594 852 adpulit
615 768 825 836 Macedoniae.
872 771 982 853 Ibique
1004 774 1139 838 euictus

35 926 37 930 ,
121 866 199 928 ueste
225 862 321 940 liaeo,
351 860 538 942 utrotoqou
564 879 596 924 se
620 858 788 942 professus,
818 860 882 924 otu
904 861 1037 940 peritiae
1064 882 1141 926 suae

122 970 191 1015 111111
214 968 329 1032 uopuo
351 948 559 1013 admiratione
581 948 820 1014 couuuudotot.

210 1037 297 1120 Eupo
319 1037 385 1102 curu
404 1037 502 1120 longe
521 1036 715 1101 celebratior
734 1036 819 1120 apud
838 1035 1032 1120 Macedones
1052 1036 1136 1102 Nec-
1151 1044 1179 1100 It

82 1127 264 1190 10tanebus.
290 1128 373 1206 erat,
400 1129 437 1189 ut
464 1125 553 1189 fama
581 1127 649 1190 eins
678 1146 719 1188 ne
749 1124 979 1208 Olympiadem
1008 1125 1139 1208 quidem

121 1214 270 1298 reginam
294 1215 407 1278 lateret.
445 1212 606 1295 Ooepitque
629 1214 795 1278 consulere
818 1214 970 1297 peritiam
995 1213 1057 1277 viri
1082 1216 1138 1279 sb·

122 1305 213 1367 sente
235 1304 313 1366 tunc
337 1302 483 1386 coniuge.
528 1300 614 1367 Nam
638 1301 810 1385 Philippus
835 1303 919 1366 bello
947 1301 1032 1366 forte
1060 1306 1139 1368 tunc

122 1392 244 1456 aberat.
291 1390 398 1476 Igitur
426 1390 553 1475 ingredi
580 1391 686 1455 iussus
712 1391 765 1454 vel
793 1390 834 1455 ad
862 1391 1001 1474 primam
1026 1390 1138 1475 Olym·

121 1479 228 1563 piadis
252 1479 409 1545 visionem
428 1479 601 1555 miratione
619 1478 743 1553 formae
768 1480 836 1543 eius
855 1478 1065 1544 Nectanabus
1089 1480 1140 1545 ita

82 1573 227 1634 1511101113
258 1572 324 1653 est,
353 1571 391 1633 ut
421 1569 525 1633 amori
554 1567 699 1645 mulieris
731 1567 916 1652 dederetur,
947 1569 1033 1651 quod
1064 1590 1138 1633 eum

121 1661 222 1723 ferme
247 1680 286 1726 ex
309 1657 455 1742 corporis
478 1657 671 1742 intemperie
694 1657 790 1723 facile
819 1661 889 1722 erat
910 1657 961 1721 his
985 1657 1137 1740 volupta-

121 1748 209 1812 tibus
233 1747 327 1814 vinci.
364 1746 536 1832 Ingressus
555 1750 666 1813 tamen
688 1749 842 1831 protenta
865 1768 963 1811 manu
986 1746 1138 1831 reginam

121 1835 240 1902 havere
264 1837 364 1920 iubet,
386 1858 454 1902 non
473 1835 622 1902 dominae
645 1859 717 1901 eam
741 1834 956 1921 appellatione
976 1833 1137 1919 dignatus,

123 1926 238 2009 quise
262 1926 342 1992 olim
366 1925 533 1990 dominum
561 1926 661 1991 fuisse
684 1924 897 1989 meminisset.
943 1923 1137 1988 Resalutato

82 2037 108 2076 eo
122 2014 223 2098 igitur
246 2035 283 2079 ac
307 2013 418 2078 sedere
445 2014 534 2079 iusso
558 2011 690 2096 ‘Tana'
712 2013 832 2095 inquit,
862 2012 933 2075 ‘ille
962 2032 995 2075 es
1018 2010 1138 2077 Necta-

121 2102 226 2165 nabus
246 2102 431 2167 matheseos
451 2101 576 2166 sciens?
611 2099 698 2164 Nam
717 2101 852 2182 quisque
871 2101 904 2161 te
929 2101 1139 2181 consuluerit,

121 2188 351 2252 veridicentiae
374 2193 450 2253 tuae
472 2209 540 2252 non
562 2187 755 2269 refragatur.
797 2183 857 2250 Dic
881 2204 968 2268 ergo,
992 2205 1138 2266 quanam

95 2314 96 2317 =
120 2298 198 2340 usus
222 2275 341 2357 peritia
364 2274 444 2340 adeo
467 2275 536 2340 veri
564 2273 686 2339 amicus
715 2270 816 2338 cluis?
864 2272 915 2335 Ad
943 2272 976 2335 id
999 2293 1137 2356 respon-

120 2363 181 2428 dit:
204 2362 383 2428 ‘Multifida
406 2363 536 2446 quidem
559 2364 617 2441 est,
641 2382 660 2426 ο
684 2360 808 2446 regina,
829 2360 895 2426 ista
917 2360 998 2426 haec
1020 2367 1136 2430 nostra

79 2475 106 2516 25
120 2451 318 2517 vaticinandi
350 2451 500 2535 scientia,
531 2471 635 2534 neque
666 2453 718 2517 est
748 2449 783 2515 in
809 2452 956 2535 tempore
988 2453 1136 2518 omnium

119 2540 316 2606 meminisse.
350 2539 437 2606 Nam
460 2544 494 2605 et
516 2539 550 2604 in
566 2543 709 2625 erpretes
734 2539 935 2607 somniorum
959 2543 991 2605 et
1014 2541 1135 2627 astrici,
1164 2583 1166 2587 «

120 2629 236 2713 quibus
260 2629 365 2693 omnis
386 2627 552 2693 divinandi
575 2629 657 2694 ratio
681 2632 852 2714 reseratur,
876 2633 909 2693 et
932 2630 1035 2696 multa
1058 2636 1136 2694 sunt

119 2720 249 2833 praete}
272 2717 351 2781 haec
374 2718 516 2799 nomina,
539 2718 656 2801 quibus
680 2720 728 2784 uti
752 2719 792 2783 ad
811 2719 1059 2803 praescientiam
1084 2741 1135 2783 so·

120 2808 232 2871 lemus.

80 2918 107 2958 so
211 2894 244 2960 3.
282 2892 343 2958 His
367 2893 462 2959 dictis
490 2916 564 2959 cum
593 2896 698 2960 acrius
726 2895 761 2960 in
784 2896 910 2962 vultum
934 2897 1064 2982 reginae
1087 2895 1134 2959 in-

211 3070 240 3127 2.
259 3069 318 3124 911
332 3069 420 3124 cutis
438 3067 522 3138 longe
542 3066 710 3123 celebratior
727 3069 868 3137 tucipiuut
887 3085 928 3136 eu,
945 3085 1015 3138 quac
1033 3070 1085 3138 topi
1103 3072 1135 3124 iu

122 3143 212 3200 codice
233 3142 364 3211 smmpto
386 3139 561 3195 Tauriueusi.
636 3145 667 3192 11
688 3139 799 3194 lateret.
832 3138 986 3207 eoepitque
1009 3139 1135 3207 suppleri

122 3264 155 3304 ecc
174 3248 314 3318 Flpttouru.
353 3252 385 3301 13
403 3246 462 3318 vel]
482 3209 517 3299 dd
533 3252 561 3300 1.
600 3251 631 3299 15
644 3244 763 3367 mimi)
777 3244 830 3314 legi
847 3243 1132 3324 tautummodo—tus.

122 3320 221 3390 eum]‘?
259 3325 291 3374 17
311 3317 439 3388 reginam
452 3317 572 3388 havere]
592 3331 689 3385 regma
707 3316 744 3369 ha
765 3329 811 3368 ere
825 3319 852 3368 ’.1,
892 3317 924 3367 18
944 3312 1134 3381 appellatione

121 3390 265 3458 dignatus]
285 3388 506 3459 appellationem
525 3386 657 3457 dignatus
677 3392 691 3441 e
710 3392 737 3439 1.
801 3389 835 3438 25
853 3383 884 3436 in
901 3385 1029 3450 tempore
1048 3389 1075 3437 1,
1104 3384 1133 3437 in

120 3462 247 3530 tempore
265 3477 321 3515 uno
340 3461 418 3529 mpii.

210 3530 238 3584 3.
257 3537 292 3583 30
311 3529 415 3599 acrius]
435 3530 528 3598 agrius
547 3536 576 3586 ’1.
