2362 3938
77 168 168 224 mv
182 196 193 213 ·
475 162 685 220 PRAEFATIO

168 317 229 374 681
255 319 415 389 saccatur
436 313 564 373 Aldina:
587 316 753 387 cccccccccc
775 312 812 372 V.

168 405 231 463 699
255 405 360 477 frctcra
383 402 502 478 scripsi:
530 403 641 476 fatoris
662 399 699 459 V.
744 418 781 459 cx
809 395 944 461 ‘futura'
971 404 1098 479 primam

79 486 199 552 ‘samri'
222 483 274 571 (cf.
298 491 336 551 ad
359 491 375 549 I
398 483 464 571 58),
487 489 594 549 deindo
624 481 759 548 ‘futuris'
782 488 900 549 factum
924 494 984 568 cst,
1006 495 1043 552 ut
1063 490 1100 550 IV

80 583 124 641 20
146 600 202 657 pro
226 573 337 639 ‘siluis'
361 579 393 637 in
415 578 444 635 V
465 579 579 655 legitur
602 570 713 637 ‘afluat

171 671 234 729 702
257 668 364 742 fossati
387 667 506 742 scripsi:
530 667 622 726 acono
644 665 681 724 V.

172 759 235 817 724
259 773 398 828 caawqac
414 772 505 828 pares
527 754 648 829 scripsi:
671 770 811 826 casasque
822 770 940 826 porcas
964 755 1002 814 V.

173 847 236 904 744
259 845 346 917 factis
369 843 488 917 scripsi:
511 844 583 915 fatis
605 842 642 900 V.
780 900 786 922 1

173 935 235 992 749
259 933 330 1004 pain
347 933 431 1004 rapis
451 931 527 990 hanc
549 933 680 990 mamam
702 934 728 988 ct
749 929 877 1002 focacios
900 933 978 990 citios
1000 933 1097 1006 effipia

82 1027 173 1081 artos.
219 1021 322 1078 carcat
345 1019 419 1077 hacc
443 1037 533 1078 sensu
555 1018 671 1078 idoneo.
702 1036 774 1076 nam
796 1019 876 1095 qaod
899 1018 975 1079 Pius
998 1011 1097 1079 u'ocom

82 1101 235 1168 ‘famulos'
259 1107 389 1180 explicat
413 1099 592 1165 ‘seminatos
615 1107 767 1183 corporcis
794 1100 1097 1184 perturbationibas',

82 1194 229 1254 eiusmodi
261 1193 411 1252 sententia
442 1212 533 1269 quam
564 1195 694 1253 maxima
725 1196 763 1254 ab
796 1196 853 1254 hoc
880 1195 1006 1270 quidam
1036 1197 1095 1255 loco

81 1283 180 1343 aliena
203 1283 250 1340 cst
271 1298 368 1356 nequa
391 1281 533 1357 antiquas
561 1283 715 1359 cogitandi
740 1283 853 1342 rationi
879 1284 1036 1361 conuenit,
1064 1285 1095 1342 ut

81 1369 249 1430 rectissima
275 1369 393 1428 monuit
419 1369 678 1446 Eyssenhardtius
712 1368 745 1446 [L
776 1373 796 1431 l.
826 1392 855 1447 p.
886 1370 980 1447 383}
1024 1373 1094 1430 Bur-

82 1477 209 1518 mannus
232 1460 335 1538 autam
358 1457 411 1533 qui
433 1451 574 1518 ‘famulos
597 1453 695 1518 artus'
718 1460 791 1520 dicit
814 1478 880 1519 csse
910 1453 976 1535 ‘qui
999 1461 1095 1520 Peliao

82 1540 332 1623 famulabuntur',
359 1547 473 1607 oblitus
500 1550 560 1624 ast,
587 1551 623 1607 ut
651 1547 712 1606 alia
733 1549 866 1624 mittam,
898 1548 1023 1608 Aesona
1043 1565 1096 1607 non

83 1637 314 1712 famulaturum,
338 1635 391 1695 scd
413 1635 653 1695 interficiendum
673 1636 777 1696 fuisse.
815 1637 869 1696 sod
891 1638 928 1695 ut
950 1638 1095 1710 mendum,

85 1724 165 1801 quod
199 1741 307 1784 uersus
343 1725 396 1784 ills
431 1725 538 1801 procul
573 1724 665 1784 dubio
701 1725 864 1801 contraxit,
900 1727 1096 1799 romoucraat,

83 1831 194 1889 parum
230 1812 400 1888 probabilia
435 1813 628 1890 protulerunt
663 1812 752 1875 docti.
805 1813 928 1873 restitui
962 1808 1096 1873 ‘famulos

44 1926 47 1931 ·
85 1902 163 1961 citas
187 1901 296 1978 siiiigis
318 1894 418 1978 ictus',
441 1902 473 1960 id
495 1906 550 1978 cst,
572 1901 755 1960 famulorum
777 1902 868 1977 ictus,
892 1902 928 1960 ut
952 1903 1098 1962 simillima

85 1991 181 2051 habas
204 1990 235 2049 H
260 1990 322 2048 268
349 1982 480 2049 ‘hederis
503 1983 723 2065 famularibus',
747 1988 916 2048 Ouidana
939 1990 971 2048 H
996 1995 1029 2067 7,
1058 1992 1093 2048 il

86 2072 200 2138 ‘Vanus
229 2070 369 2152 famula'3
404 2078 515 2137 Lucan„
543 2077 586 2136 IV
615 2079 678 2138 207
708 2071 844 2136 ‘dextras
875 2073 1030 2139 famalac’.
1060 2106 1095 2119 -

85 2167 135 2225 hic
167 2184 284 2242 quoquc
315 2165 457 2224 mondum
487 2167 627 2240 prouenit
659 2185 696 2225 ax
726 2167 898 2226 litterarum
931 2161 965 2224 ‘i'
998 2171 1030 2226 ot
1061 2157 1099 2224 ‘a'

86 2253 271 2328 confusion03
304 2253 457 2311 simillimo
494 2273 524 2311 11.
557 2256 620 2313 619
655 2273 690 2313 cx
722 2248 823 2314 ‘ictus'
859 2255 892 2312 in
923 2255 953 2312 V
985 2246 1101 2325 ‘actas'‚

86 2340 194 2400 deindo
216 2342 248 2398 in
271 2341 295 2398 P
320 2333 445 2399 ‘arctus'
468 2342 582 2400 factum
605 2346 661 2400 cst.

177 2430 239 2487 753
268 2430 354 2502 furor
386 2428 505 2504 scripsi:
540 2431 643 2503 frcpor
675 2430 711 2505 V,
744 2432 823 2507 quod
849 2449 944 2507 praua
977 2436 1009 2491 st
1039 2432 1102 2490 sino

86 2516 223 2592 exemplo
246 2534 301 2591 pro
326 2509 429 2573 ‘fama'
453 2517 587 2591 positum
609 2522 777 2578 autumant.

177 2603 239 2662 755
265 2597 450 2679 ‘uestemque
472 2623 627 2681 penusque
651 2601 803 2667 sacerdos'
825 2607 1010 2684 Maduigius.

178 2692 240 2750 757
264 2693 350 2764 qacsc‘
364 2693 483 2767 scripsi:
498 2711 586 2765 qaam
600 2694 637 2754 V.
665 2688 742 2754 ‘cau'
756 2696 957 2754 Burmannus.
986 2696 1098 2771 saepis-

87 2781 162 2840 simo
190 2772 304 2856 ‘quam'
333 2782 364 2837 ct
392 2774 501 2855 ‘quasi'
532 2781 565 2839 in
592 2783 676 2842 codd.
708 2785 841 2843 confusa.
874 2815 916 2824 -
949 2788 1101 2843 canam

87 2869 189 2928 Thilo:
214 2873 363 2928 cordatos
386 2868 422 2927 V.

179 2959 241 3017 758
269 2960 429 3031 rictumque
448 2976 563 3032 persons
587 2959 765 3020 Columbus:
796 2963 926 3034 ratoque
950 2978 1042 3034 panas
1063 2960 1101 3036 V,

89 3047 170 3122 quod
191 3047 271 3105 malo
296 3045 430 3106 defendit
452 3047 539 3107 Thilo
562 3049 677 3124 proleg.
700 3069 729 3124 p.
752 3049 831 3108 XIX.

179 3136 242 3195 768
266 3152 340 3208 qaae
361 3137 427 3208 fcta
448 3136 534 3195 Pius:
558 3154 614 3208 pao
635 3138 700 3210 fcta
713 3135 742 3192 V
755 3154 791 3194 cx
811 3137 913 3210 priore
937 3130 1008 3211 ‘quo
1021 3129 1102 3195 fina'.

177 3223 224 3282 Ds
247 3223 386 3282 uersibus
411 3226 695 3298 779-7841111111
716 3223 790 3283 mihi
813 3223 961 3298 cogitanti
984 3242 1103 3300 sempor

86 3309 276 3369 tutissimum
303 3314 350 3369 ast
376 3313 477 3370 uisum
503 3311 601 3369 redire
629 3311 668 3368 ad
690 3311 825 3369 'Philonis
854 3312 1035 3370 sententiam
1062 3310 1102 3370 ab

86 3392 153 3467 ipso
185 3399 293 3470 postea
324 3399 418 3456 nimia
453 3399 582 3474 quadam
608 3398 772 3457 timiditate
802 3400 936 3474 sprctam
963 3417 1023 3474 qua
1049 3418 1102 3457 1111.

89 3481 151 3539 779
190 3501 233 3556 sq.
270 3483 391 3544 Valerio
428 3486 620 3561 abiudicauit,
659 3489 718 3546 781
731 3488 843 3545 -784
878 3486 998 3544 traiecit
1029 3488 1129 3560 post·
