2362 3938
135 175 198 258 lte
221 175 251 231 O.
269 173 408 229 VALERI
425 172 558 229 enecet
573 171 866 229 Aneonauricott
883 172 997 229 LIBER
1014 173 1059 229 Vt

132 340 188 383 uos
211 325 325 404 superi,
349 340 404 382 uos
427 324 551 400 augurio
574 323 704 383 iussistis
726 311 829 387 inani?

133 412 200 490 quis
224 413 325 474 fratris
348 412 470 472 meritas
493 418 557 492 tua,
579 409 727 492 luppiter,
750 412 849 470 omina
871 428 985 489 poenas
1096 423 1136 486 tto

132 502 299 578 promisere
321 494 417 564 mihi?
439 497 525 563 nobis
548 498 645 578 Argoa
667 497 792 577 parabas

133 586 247 649 scilicet
270 587 377 653 auxilia
400 594 430 648 et
452 595 553 657 tantas
576 589 758 665 coniungere
782 590 873 648 uires.

134 693 223 736 saeua
246 677 366 756 quidem
389 676 465 738 lucis
487 678 606 737 miserie
629 693 725 756 morsu
749 676 820 736 dent
842 683 957 758 tamen,
981 694 1045 760 oro,

134 781 228 825 unum
250 765 334 825 illum
356 764 429 829 milti
453 764 514 827 fata
535 764 627 846 dem,
651 781 710 843 quo
733 763 794 824 salli
817 770 848 824 et
871 763 1006 826 Achiuos

134 855 177 912 sic
200 855 323 914 meritos
347 871 467 931 quoque
489 852 569 915 hunc
592 851 711 914 uideam
732 853 846 913 uirtute
870 852 1042 931 superbum·
1099 864 1141 915 tat

134 941 302 1002 Aesoniden
324 948 423 1015 tantos
445 940 567 1006 flentem
590 943 653 1002 sine
676 940 790 1001 honore
814 935 950 1002 laboree'

134 1028 249 1091 dixerat
271 1029 344 1089 haec
367 1038 532 1109 pectusque
556 1032 619 1091 suis
642 1028 801 1090 euerberat
823 1031 914 1089 armis

134 1124 165 1176 et
187 1117 300 1196 galeam
322 1118 409 1198 fletu,
432 1117 545 1197 galeam
567 1117 749 1198 singultibus
769 1117 886 1198 implet3

133 1202 195 1264 ibat
218 1213 248 1265 et
270 1208 301 1264 in
324 1205 415 1266 medIi
437 1223 581 1286 praeceps
603 1207 741 1268 incendia
761 1205 840 1288 belli,

133 1293 165 1350 ni
186 1294 270 1370 prior
293 1291 428 1353 aduersis
451 1292 547 1355 Pallas
570 1294 697 1357 uidisset
719 1293 756 1354 ab
779 1295 869 1355 arntis
1095 1308 1142 1358 llo

134 1386 164 1438 et
187 1397 303 1442 secum:
326 1375 399 1443 ‘ruit
422 1399 494 1441 ecce
516 1383 601 1443 leros
623 1384 658 1444 in
678 1383 785 1444 lunera
805 1383 922 1463 Perses,

134 1485 224 1546 quem
246 1472 363 1549 genitor
386 1468 504 1533 Colchis
527 1470 661 1550 solioque
683 1473 827 1550 inponere
852 1471 955 1532 fratris
1058 1485 1063 1494 ⁸

133 1557 193 1617 iam
216 1561 327 1621 statuit.
373 1567 475 1627 nostra
498 1577 616 1621 uereor>
629 1577 667 1621 ne
692 1559 795 1636 fraude
817 1568 1016 1639 peremptum,

133 1646 269 1728 increpet
292 1655 322 1708 et
346 1647 463 1727 culpam
484 1648 561 1712 hanc
583 1666 690 1728 magno
713 1656 829 1709 terrore
852 1643 1018 1728 rependat?

133 1732 207 1794 haec
229 1735 335 1803 dicens
355 1745 420 1801 atro
443 1735 582 1804 nebulam
604 1733 743 1799 diffundit
765 1738 874 1799 amictu
939 1777 947 1799 t
1101 1749 1152 1800 tet

133 1822 355 1904 stridentesque
377 1827 436 1889 uiri
459 1827 575 1889 circum
597 1833 686 1905 ceput
709 1833 827 1886 amouet
849 1825 957 1886 hostes.

133 1908 182 1971 ille
207 1930 298 1992 super
321 1916 416 1983 socias
439 1913 586 1979 clementi·
600 1912 720 1976 turbine
742 1922 847 1992 gentes
1009 1983 1014 1991 ἱ

134 2001 259 2078 erigitur
280 2001 466 2081 paulumque
485 2002 554 2068 leui,
568 2009 702 2082 reptatus
724 2004 756 2062 in
779 1993 888 2069 aethra

133 2089 193 2148 iam
214 2090 334 2151 tandem
357 2099 516 2159 extremas,
527 2109 647 2172 pugnae
667 2089 802 2152 defertur
824 2093 856 2151 in
879 2108 957 2172 orae,

133 2175 210 2237 forte
234 2177 286 2239 ubi
309 2197 395 2246 serus
417 2178 511 2245 Hiber
532 2178 761 2258 Issedoniaeque
784 2179 944 2259 phalanges
1100 2191 1152 2242 tto

133 2263 227 2327 Marte
251 2276 360 2340 carent,
377 2268 508 2347 solisque
530 2268 636 2332 iuuant
659 2266 838 2328 clamoribus
861 2285 975 2346 agmen.

177 2352 243 2415 Nox
266 2357 354 2420 simul
376 2358 536 2425 aseriferas,
550 2356 666 2436 profert
688 2355 825 2435 optabilis
848 2355 989 2437 umbras3-

134 2448 164 2501 et
187 2442 265 2505 cadit
287 2444 437 2523 extemplo
457 2444 530 2510 belli,
549 2445 649 2524 fragor
671 2462 818 2524 aegraque
841 2445 936 2507 muris

132 2527 306 2609 degreditur
328 2531 453 2610 longum
472 2535 558 2612 uirgo
571 2550 722 2613 perpessa
744 2535 891 2594 timorem.
948 2535 955 2551 ‘

133 2623 166 2676 ut
189 2619 252 2679 fera
274 2619 399 2699 Nyctelii
420 2621 544 2700 paulum
565 2639 620 2700 per
643 2638 727 2683 sacra
750 2623 904 2702 resistunt,
1099 2632 1155 2684 tot

132 2725 201 2767 mox
224 2727 351 2788 rapuere
374 2709 464 2770 deum
486 2711 544 2771 iam
567 2711 626 2772 iam
648 2711 685 2773 ad
708 2710 918 2789 quodcumque
939 2717 1060 2788 paratae

132 2795 293 2880 Thyiades,
316 2797 389 2866 haut
411 2798 468 2865 alio
491 2807 605 2861 remeat
627 2798 730 2860 Medea
753 2797 893 2880 tumultu,

132 2884 228 2964 adque
251 2889 331 2948 inter
354 2885 535 2966 Graiumque
559 2890 638 2950 acies
659 2889 831 2967 patriasque
853 2886 1016 2966 phalangas

132 2991 251 3054 semper
274 2976 432 3056 inexpletis
455 2976 609 3056 adgnoscit
631 2974 840 3038 lasonacuris
868 2973 871 2976 ’
1120 3023 1124 3030 .

132 3080 278 3141 armaque.
296 3067 407 3144 quique
432 3083 504 3130 caua
528 3072 666 3144 superest
689 3065 725 3127 de
749 3064 863 3125 casside
887 3061 1013 3124 uultum.
1099 3075 1152 3125 tto
