2370 3938
105 201 148 266 48
539 198 648 253 amna
665 199 686 253 1.

106 365 195 430 tione
219 364 417 447 conduxeris,
443 363 644 446 adtemptare
668 364 841 444 quatereve
865 360 1036 425 Persarum
1060 361 1122 425 im-

106 453 231 537 perium
256 474 363 536 queas.
409 450 516 516 Tanta
544 451 663 536 quippe
691 450 773 514 mihi
800 449 976 514 multitudo
1002 451 1121 515 exerci-

105 545 198 606 tuum
228 541 335 625 adest,
365 545 402 605 ut
432 540 504 624 quis
532 538 715 624 promptius
747 559 861 603 arenae
890 560 988 622 quam
1015 539 1123 604 nostri

106 651 257 695 numeros
279 630 483 713 adsequatur.
526 629 607 692 Auri
625 649 722 713 porro
741 627 931 711 argentique
955 649 993 691 ea
1017 628 1122 712 copia,

80 722 145 783 sut
166 719 301 783 humum
325 719 440 802 ipsam,
464 717 492 781 si
514 717 646 781 libitum
670 718 730 801 est,
753 719 958 781 consternere
977 715 1122 781 indidem

106 807 240 891 possim.
293 806 400 882 Quare
429 805 491 870 tibi
520 806 643 870 loculos
674 806 745 871 auri
775 805 1004 869 refertissimos
1036 805 1122 889 misi,

106 897 157 961 uti
180 896 208 960 si
231 895 392 980 indigebis
416 895 600 978 sumptibus
630 893 670 957 ad
693 893 925 972 reversionem,
952 893 1014 958 tibi
1042 894 1123 958 tuis·

4 981 6 984 ’
108 1005 169 1069 que
187 984 320 1067 habeas,
340 983 426 1066 quod
445 982 626 1047 subfecerit.
665 981 758 1058 Quod
777 982 805 1046 si
822 981 912 1046 hisce
930 982 1063 1047 monitis
1084 1004 1122 1047 ac

107 1073 288 1156 praeceptis
312 1071 447 1136 ulterius
471 1071 648 1156 refragare,
671 1071 801 1135 mittam
823 1071 984 1155 protinus,
1008 1072 1064 1155 qui
1087 1074 1122 1135 te

69 1182 95 1222 ιο
110 1160 376 1244 comprehensum
399 1160 463 1226 huc
485 1159 696 1243 transferant3
719 1181 787 1224 non
810 1158 896 1223 enim
919 1162 956 1223 ut
975 1158 1122 1244 Philippi

23 1286 30 1299 ι
108 1248 195 1313 filius
219 1247 426 1314 coercebere.'
628 1254 631 1258 '

199 1336 258 1404 38.
278 1337 339 1402 His
353 1337 446 1401 lectis
461 1337 501 1402 ab
516 1336 702 1402 Alexandro
716 1335 955 1420 publicatisque
970 1357 1035 1400 me·
1068 1341 1185 1398 XXXV

109 1431 163 1492 tus
177 1427 336 1511 plurimos
351 1427 521 1511 quatiebat
536 1426 696 1490 dictorum
715 1425 1029 1512 magniloquentiam
1047 1446 1123 1490 con·
1141 1429 1178 1480 43

108 1515 313 1599 templantes.
359 1514 451 1591 Quod
478 1515 536 1580 ubi
558 1514 742 1578 Alexander
765 1516 873 1578 mente
896 1512 1034 1579 intuitus
1063 1518 1122 1599 est,

69 1624 95 1664 15
110 1604 143 1668 in
166 1604 247 1668 haec
265 1604 364 1669 verba
388 1604 610 1669 contionatur:
635 1602 673 1668 ‘0
693 1600 885 1667 Macedones
908 1603 1023 1686 nostri,
1045 1602 1123 1686 quid

110 1693 242 1757 tandem
266 1693 345 1757 adeo
369 1692 463 1757 dictis
487 1692 665 1757 barbaricis
685 1690 943 1776 perturbamini‘?
968 1712 1050 1775 quae
1070 1690 1123 1756 ad·

109 1777 1123 1954 {ttttttattttttt*tssttt0l¹2b⁹ttltttttt

109 1958 377 2024 imbecillioribus
401 1981 472 2024 mos
496 1962 559 2041 est,
588 1962 711 2042 quanto
739 1959 811 2041 plus
836 1956 974 2022 defuerit
996 1957 1124 2041 virium,

72 2065 96 2102 'a
109 2051 201 2113 tanto
226 2049 341 2112 cristas
360 2069 474 2112 acuere
494 2048 664 2112 sublimius
688 2051 721 2111 et
739 2046 912 2110 latratibus
932 2046 1123 2111 inritatiori·

110 2135 170 2198 bus
194 2135 371 2219 indulgere.
417 2135 508 2200 Haec
536 2135 618 2199 mihi
641 2135 712 2200 visa
741 2139 790 2199 est
818 2135 1053 2219 competentior
1082 2135 1124 2199 ad

109 2219 203 2286 Darii
239 2223 431 2288 iactantiam
463 2224 677 2307 comparatio;
716 2222 800 2307 quod
837 2223 924 2288 enim
957 2226 1122 2307 praestare

110 2309 232 2375 viribus
257 2333 323 2376 non
343 2316 461 2395 potest,
484 2311 592 2377 verbis
616 2313 771 2395 indulget.
812 2311 885 2395 Ego
908 2315 1019 2377 tamen
1042 2333 1122 2377 aveo

111 2401 227 2462 cuncta
245 2400 378 2482 perinde
402 2423 421 2465 a
444 2401 537 2465 vobis
556 2401 746 2485 existimari,
768 2404 805 2464 ut
823 2400 930 2465 verbis
950 2401 1049 2466 etiam
1072 2422 1123 2464 ex·

84 2485 304 2570 sprimuntur.
348 2486 436 2553 Malo
465 2490 551 2552 enim
578 2511 638 2553 nos
666 2492 970 2573 praesuspectantes
1000 2490 1124 2574 aliquid

111 2574 313 2640 difficultatis
334 2578 450 2641 animis
470 2577 587 2642 fortius
607 2579 809 2661 praeparatis
830 2578 866 2642 in
883 2600 952 2642 rem
971 2579 1123 2644 bellicam

85 2663 243 2747 -vadere,
274 2687 372 2748 quam
401 2665 519 2730 fiducia
548 2666 692 2731 hostium
723 2667 907 2732 molliorum
936 2666 1123 2751 inopinatas

110 2752 271 2816 offendere
296 2752 544 2819 difficultates.''

200 2839 258 2905 39.
286 2840 333 2905 Et
355 2844 412 2907 ubi
434 2843 514 2908 haec
538 2843 624 2907 dicta
648 2846 734 2926 sunt,
763 2843 881 2928 corripi
906 2842 1121 2906 internuntios
1142 2860 1179 2911 44

7 2944 18 2963 ‘·
70 2927 203 2996 narbet
222 2931 432 3015 crucibusque
452 2931 579 3016 subfigi.
620 2929 719 2996 Cuius
739 2931 890 3016 supplicii
908 2929 1025 2995 merita
1049 2952 1122 2993 cum

200 3144 214 3192 1
235 3140 404 3209 attemptare
423 3143 585 3210 paterevsre
604 3142 637 3196 P.
702 3150 717 3197 3
737 3141 855 3209 utquid
874 3141 906 3196 P.
971 3139 1123 3194 thumum

110 3208 167 3278 ipsi
187 3209 220 3262 P.
322 3212 402 3266 shis
419 3213 534 3268 monitis
554 3214 588 3270 P.
689 3211 773 3279 aqui
791 3213 821 3266 at
840 3210 1072 3280 comprehensum
1091 3211 1122 3267 P.

112 3285 142 3332 11
164 3279 347 3334 cohercobere
366 3288 393 3335 X.
489 3299 493 3304 ·

199 3349 246 3403 38.
267 3355 300 3403 13
320 3352 468 3418 quatiebat
484 3353 564 3406 A.P.
595 3352 723 3420 capiebat
741 3358 768 3406 T.
880 3359 914 3408 16
932 3354 1004 3408 adeo
1023 3353 1058 3407 A.
1088 3350 1125 3405 ad

110 3416 162 3468 deo
182 3417 215 3469 P.
252 3435 307 3484 quo
326 3423 503 3488 arrogantiae
524 3423 557 3476 P.
634 3423 870 3478 minitantibus
889 3431 916 3480 X.
995 3430 1030 3478 22
1049 3422 1125 3490 quod

110 3482 225 3605 ssgffirg'
233 3487 321 3608 quod
335 3487 370 3542 A.
378 3490 411 3547 P.
457 3498 491 3546 23
510 3509 579 3547 aveo
594 3493 665 3548 Mai.
685 3493 775 3549 habeo
790 3496 825 3550 A.
835 3495 868 3551 P.
920 3501 954 3550 27
974 3494 1077 3550 radere
1093 3494 1125 3549 P.
