2362 3938
479 186 693 243 PRAEFATIO.
1017 185 1095 241 XXV

77 349 154 414 usui
187 349 270 431 mihi
304 352 374 413 6161
405 347 570 432 1111116616
605 375 623 414 6
656 348 739 414 16116
772 348 914 414 Zachero
948 353 1097 414 accurate

77 439 168 502 edita
195 437 293 502 Halis
323 439 417 503 1867.
465 438 648 503 Pleniorem
676 437 849 520 Epitomae
876 439 1015 502 formam
1044 462 1096 502 ex-

77 527 174 591 hibet
204 524 325 592 codex
353 524 567 591 (lxonicnsis
595 524 690 609 Oorp.
719 525 837 590 Christ.
866 523 948 590 0011.
976 525 1033 592 Nr.
1053 528 1096 592 82

78 637 162 679 6666
187 613 252 678 XII
282 615 352 698 fol.,
380 638 442 699 quo
466 615 587 680 Zacher
613 637 690 679 usus
718 636 783 678 non
811 618 869 678 cst.
914 614 988 697 Ipse
1016 637 1095 698 quo-

79 725 143 788 que
168 725 207 767 ea
230 707 369 787 tantum,
392 725 474 788 quae
498 704 725 768 Volkmannus
749 704 783 766 in
807 701 1096 767 ‘Adnotationibus

80 792 204 856 criticis
233 791 267 855 in
291 790 412 856 Iulium
436 791 622 856 Valerium'
647 789 780 877 (Portae
806 791 904 872 1882)
930 795 962 854 61
985 791 1097 875 Meyer

79 879 114 944 in
148 880 235 944 libro
266 903 366 964 supra
396 881 495 945 citato
526 879 723 966 (Alexandre
752 881 783 943 le
814 878 921 943 Grand
952 878 1032 943 dans
1064 881 1097 943 la

81 969 269 1033 litterature
293 968 335 1032 du
359 990 475 1053 moyen
500 967 574 1054 age)
598 969 671 1032 inde
694 968 911 1052 protulerunt,
939 968 973 1031 in
1000 990 1095 1031 usum

81 1079 194 1120 meum
218 1060 405 1121 convertere
428 1058 530 1140 potui.
571 1056 664 1121 Unde
688 1078 760 1120 cum
785 1057 990 1140 cognoverim
1010 1056 1097 1120 codi-

81 1168 154 1210 cem
175 1144 388 1210 Oxoniensem
414 1145 453 1209 ad
477 1146 595 1209 librum
617 1146 693 1211 Iulii
711 1144 834 1209 Valerii
860 1145 1095 1209 emendandum

80 1234 224 1297 multum
248 1233 408 1317 conferre,
431 1234 526 1298 valde
549 1235 653 1317 doleo,
677 1234 761 1317 quod
785 1233 865 1297 mihi
883 1234 989 1316 ipsum
1014 1235 1097 1298 codi-

80 1344 152 1386 cem
178 1322 266 1385 adire
288 1345 354 1387 non
377 1323 477 1387 licuit.

173 1408 363 1475 unitiones
395 1408 471 1475 Iulii
503 1410 628 1475 Valerii
660 1410 763 1474 adhuc
798 1411 987 1492 prodierunt
1021 1416 1096 1474 tres.

80 1498 131 1562 Ac
165 1499 307 1581 primum
340 1498 469 1583 quidem
502 1520 576 1562 eum
605 1499 750 1582 Angelus
783 1497 888 1562 Maius
919 1497 1097 1562 Mediolani

80 1609 169 1652 anno
190 1587 276 1651 1811
301 1587 409 1665 edidit,
434 1610 497 1651 uno
517 1588 625 1650 codiee
644 1587 862 1651 Ambrosiano
883 1608 969 1650 usus.
1005 1585 1096 1650 Haec

80 1675 182 1739 editio
210 1675 330 1739 iterata
357 1681 408 1740 est
429 1675 636 1740 Francofurti
659 1677 699 1739 ad
723 1675 874 1739 Moenum
901 1695 984 1737 anno
1010 1674 1096 1738 1818

79 1769 114 1828 et
135 1762 285 1828 Venetiis
311 1764 410 1846 1852,
437 1764 503 1828 nisi
526 1764 609 1828 forte
632 1766 675 1849 is,
703 1765 758 1847 qni
786 1763 869 1827 hanc
892 1762 1095 1825 iterationem

80 1852 224 1937 curavit,
252 1874 329 1916 usus
359 1858 408 1916 661
436 1853 538 1917 611616
565 1852 631 1916 Μ61
660 1852 807 1916 editione.
857 1850 947 1914 Haec
975 1851 1097 1932 prodiit

79 1941 207 2006 Romae
238 1940 325 2006 1835
354 1945 451 2025 atque
478 1942 512 2006 in
540 1962 577 2004 66
606 1941 754 2023 lacunae,
785 1961 867 2023 quae
896 1938 989 2001 initio
1019 1938 1096 2001 libri

80 2029 183 2114 primi
204 2029 290 2092 etin
309 2029 414 2094 medio
434 2030 519 2094 libro
540 2030 678 2094 secundo
697 2029 843 2108 hiabant,
866 2049 904 2090 61
922 2026 1096 2110 Epitomae

80 2117 251 2183 codicibus
279 2118 444 2181 nonnullis
473 2118 642 2182 Vaticanis
671 2118 816 2202 expletae
845 2117 1004 2200 multique
1031 2115 1096 2179 loci

80 2227 144 2289 ope
164 2205 357 2271 schedarum
376 2205 634 2285 Taurinensium,
658 2228 737 2289 quas
755 2204 861 2269 Maius
880 2205 959 2270 olim
979 2226 997 2269 a
1017 2203 1096 2288 Pey-

81 2316 161 2359 rone
196 2301 379 2378 acceperat,
413 2295 574 2359 emendati
608 2299 692 2359 sunt.
745 2294 888 2358 Tertiam
922 2293 1096 2357 editionem

80 2382 158 2446 Iulii
190 2381 317 2446 Valerii
349 2384 475 2448 curavit
507 2381 541 2448 O.
573 2382 711 2447 Mueller
743 2384 802 2447 sub
834 2386 926 2446 textu
956 2382 1096 2446 Pseudo·

81 2470 298 2537 Callisthenis
321 2472 373 2535 vel
396 2471 505 2555 potius
529 2472 664 2554 Aesopi,
690 2492 785 2553 quem
809 2470 931 2535 addidit
954 2471 1095 2534 Arriano

81 2582 101 2623 a
120 2555 296 2623 Dnebnero
321 2559 407 2623 edito
426 2559 561 2624 Parisiis
585 2559 670 2642 apud
688 2558 866 2622 Firminum
886 2557 987 2622 Didot
1010 2581 1094 2622 anno

83 2649 180 2713 1841.
237 2645 299 2721 Qui
331 2669 403 2711 cum
435 2651 581 2712 uteretur
613 2648 721 2712 codice
751 2647 915 2727 Parisino,
946 2648 1095 2710 lacunam

84 2735 219 2800 secundi
243 2735 318 2798 libri
340 2740 455 2814 totam,
477 2736 612 2801 lacunae
631 2736 728 2819 primi
751 2736 827 2800 libri
851 2756 1004 2819 magnam
1022 2757 1095 2819 par·

81 2832 147 2888 tem
178 2824 334 2906 explevit,
364 2846 444 2908 quae
473 2824 642 2889 etiamtum
670 2824 764 2888 161116
792 2824 868 2888 libri
892 2824 990 2907 primi
1013 2824 1094 2887 desi·

81 2912 291 2993 derabantnr,
314 2913 383 2994 ipse
407 2934 533 2996 quoque
557 2935 596 2976 61
619 2912 775 2995 Epitoma
799 2911 971 2996 supplevit.

170 3000 383 3064 Emendando
407 3000 490 3064 16116
508 3000 640 3065 Valerio
664 3023 794 3084 operam
819 3001 973 3064 dederunt
997 2998 1096 3081 Geyer

80 3089 115 3152 in
138 3087 395 3152 Zimmermanni
418 3088 530 3154 Diario
554 3088 769 3172 Antiquitatis
791 3089 886 3167 1838,
910 3109 940 3168 p.
954 3086 1018 3150 419
1039 3107 1096 3169 sq,

79 3177 202 3260 Beryer
231 3177 268 3241 de
296 3176 430 3260 Xiorey,
462 3179 516 3260 qui
547 3175 599 3261 (in
630 3177 764 3241 Notices
798 3179 830 3239 61
859 3173 1007 3237 1111116116
1038 3173 1094 3237 des

80 3265 245 3330 Manuscr.
275 3264 314 3328 de
340 3266 373 3328 16
401 3265 485 3330 Bibl.
511 3287 578 3348 roy.
606 3265 697 3329 Tum.
715 3260 811 3348 XIII)
836 3263 944 3344 capita
972 3262 1097 3345 aliquot

80 3355 155 3422 libri
180 3353 280 3437 primi
307 3374 347 3416 61
370 3353 478 3418 codice
503 3354 649 3418 Parisino
674 3352 785 3428 edidit,
809 3351 953 3414 Haustus
980 3350 1015 3413 in
1037 3350 1095 3414 Mi·

81 3444 323 3508 scellaneorum
347 3440 619 3526 philologicorum
644 3441 727 3504 libro
757 3438 895 3503 secundo
919 3435 1095 3504 Vratislav.

83 3533 182 3617 1858,
210 3530 358 3613 Kluqius
384 3529 418 3592 in
443 3530 671 3594 dissertatione
699 3528 737 3590 de
761 3526 933 3592 Itinerario
956 3526 1098 3593 Alexan-
