2362 3938
77 192 141 257 618
361 211 466 248 nourrii
483 209 591 247 variam
607 211 674 248 ruer.
692 211 750 246 aaa,

76 333 132 386 niti
144 332 248 401 partim
261 348 304 398 eo,
323 333 399 400 quod
411 333 532 401 primum
546 333 736 404 fragmentum
749 333 881 386 convenit
893 332 950 409 legi
964 338 986 387 1.
998 338 1033 390 D.

76 401 115 452 de
137 399 265 476 precario
284 405 341 464 (43,
360 402 403 466 26)
426 400 576 477 inscriptae
600 399 744 476 ‘Ulpliu
763 400 784 452 I.
809 399 1031 452 institutionum'

76 467 184 534 partim
196 466 259 520 ahis
272 465 381 519 duobus
399 466 536 520 scamellis
552 467 634 521 simul
651 467 812 532 ibidemque
825 467 945 534 repertis
959 469 1034 520 etex

77 533 224 601 superiore
242 532 324 586 unius
343 533 425 600 (puta
436 535 546 652 prioris)
559 532 761 608 eorundemut
772 532 886 608 ridetur
903 533 1035 587 foliorum

79 601 206 670 margine
224 600 291 654 satis
309 600 402 667 amplo
421 616 438 658 a
459 617 559 665 scissrs,
578 615 697 665 qnorum
713 598 830 652 inferrus
847 599 877 652 in
896 602 975 654 reeta
986 618 1034 670 pa-

77 669 148 737 gina
159 668 195 721 ad
208 666 327 734 laevam,
345 667 374 719 in
387 681 467 719 versa
478 667 514 719 ad
526 667 671 720 dexteram
689 666 773 734 primi
787 682 884 737 versus
901 668 1036 746 reliquias

78 735 217 803 quasdam
228 736 339 789 tantum
350 733 494 786 literarum
507 733 575 798 (illic
587 752 635 788 sun
649 773 690 788 ...
703 733 749 786 hic
764 774 769 787 .
782 779 787 790 .
798 777 804 788 .
817 736 884 800 nau)
899 738 1034 803 continet,

78 803 208 870 superius
225 802 318 857 medio
336 800 461 869 margine
480 801 622 867 superiore
637 800 757 870 paginae
771 800 885 853 alterius
897 820 957 856 aar.
970 821 1035 856 rasi.

16 883 18 887 ·
81 870 196 924 alterius
214 888 266 923 nui.
281 859 308 921 i'
332 870 397 931 (non
415 858 444 918 1‘1'
477 866 620 936 Kruegero
643 871 725 934 teste)
748 867 914 935 inscriptum
937 869 1034 927 habet.

78 937 151 991 Cum
163 951 230 990 vero
243 935 298 989 duo
314 933 364 987 illa
380 933 449 987 folia
460 949 478 986 a
489 935 569 1004 tergo
587 936 709 1004 primum
727 934 911 999 cohaeserint,
931 938 964 989 ut
975 938 1034 1004 ipse

81 1004 208 1071 Krueger
225 1002 383 1066 attestatur,
401 1000 553 1054 admodum
566 1003 657 1069 estid,
675 1001 752 1071 quod
763 1002 837 1054 idem
852 1002 961 1069 statuit,
975 1004 1035 1056 veri

78 1069 228 1134 dissimile,
249 1068 359 1137 partem
382 1084 490 1130 eorum,
515 1085 586 1134 quae
607 1072 719 1124 servata
737 1070 814 1134 sunt,
835 1068 902 1121 libri
919 1070 1035 1123 secundi

79 1136 165 1189 fuisse
184 1137 213 1188 et
230 1135 376 1204 speciatim
387 1134 540 1203 Ulpianum
559 1136 593 1189 dc
611 1136 768 1192 interdictis
780 1150 836 1188 non
847 1136 916 1188 item
933 1137 1032 1205 prime,

78 1202 131 1256 sed
149 1202 238 1255 altero
256 1202 328 1256 libro
345 1201 404 1255 fere
423 1202 497 1255 circa
514 1202 625 1255 initium
643 1205 741 1273 egisse.
901 1226 903 1229 ·

147 1268 219 1321 Mira
229 1270 325 1323 tamen
335 1269 421 1322 etiam
432 1268 461 1322 in
472 1285 504 1322 eo
516 1270 736 1338 fragmentorum
746 1270 852 1336 ordine,
866 1285 951 1335 quem
961 1287 1034 1324 nunc

80 1335 261 1402 obtinuimus,
279 1337 338 1389 visa
355 1352 407 1389 nec
425 1336 516 1389 adhuc
534 1337 602 1390 satis
620 1338 760 1406 explicata
778 1339 821 1391 est
840 1337 1033 1404 materiarum,

77 1419 150 1482 quas
167 1403 297 1468 tractant,
315 1404 409 1466 series,
428 1418 461 1456 eo
478 1403 600 1457 maxime
637 1405 701 1469 uod,
720 1421 783 1458 cum
795 1403 910 1471 Ulpiani
922 1405 1034 1458 Institu-

79 1473 179 1535 nones,
192 1469 353 1524 Florentino
364 1469 457 1546 indice
470 1471 551 1535 teste,
566 1422 674 1524 ducias
686 1471 764 1524 libris
774 1471 918 1524 absolutae
932 1473 1033 1535 essent,

78 1537 254 1658 aurita
268 1536 1077 1668 diarius:¹aentreattlufflaatuaaaa[⁵2

78 1671 167 1726 etiam
179 1620 278 1725 meari)
282 1671 443 1739 opinionem
455 1621 560 1730 ingedd
570 1623 596 1725 I1).
606 1678 630 1724 2.
643 1647 800 1740 expositam
812 1672 876 1740 post
894 1671 1034 1725 sublatam

80 1739 159 1792 illam
180 1738 332 1791 maximam
354 1737 488 1791 offensam
514 1738 727 1793 interdictorum
754 1738 796 1791 bis
823 1738 939 1792 diversis
966 1738 1034 1791 locis

78 1806 264 1859 tractatorum
281 1804 377 1872 aliqua
394 1809 475 1858 tenus
492 1806 656 1859 mutandam
673 1808 703 1859 et
720 1807 875 1859 accuratius
893 1805 1034 1871 explican-

77 1873 147 1926 dam
164 1887 224 1926 esse
236 1872 327 1936 video,
346 1872 442 1925 tamen
459 1873 489 1925 in
507 1873 668 1927 universum
681 1889 744 1926 eam
756 1873 873 1926 retineo.
898 1872 1034 1941 Ulpianus

80 1940 168 2060 {gitur
180 1954 341 2060 qptaipiquam
353 1938 504 2016 etiam'hoc
516 1940 588 2057 lppro
600 1941 630 2017 ip
644 1939 941 2057 uuiversudeapanrpe
958 1939 1033 1991 simi·

93 2024 137 2060 em
179 2023 195 2060 a
257 2021 339 2059 onem
375 2021 495 2059 maxime
517 2024 527 2058 1
550 2022 719 2068 ammius,
763 2021 799 2058 uo
838 2021 855 2056 a
929 2022 1024 2059 rsonae

81 2023 210 2141 quodpad
227 2088 280 2137 res,
300 2072 330 2125 et
345 2045 415 2139 ’puto
433 2074 490 2124 iam
508 2073 593 2125 etiam
611 2071 686 2139 quod
704 2021 1032 2137 adqactioneslpertinetJ

77 2141 192 2194 secutus
204 2154 262 2192 esse
275 2140 350 2193 recte
363 2139 494 2204 creditur,
508 2140 604 2192 tamen
620 2138 786 2213 trifariama
798 2135 868 2212 Gaio
886 2139 1032 2211 recessisse

79 2206 282 2260 existimandus
299 2208 349 2264 est.
385 2205 510 2258 Primum
532 2204 607 2265 enim
628 2221 692 2256 enm
711 2204 796 2256 Gaius
817 2218 846 2254 in
870 2202 985 2255 exordio
1004 2207 1034 2258 et

77 2273 161 2341 quasi
185 2272 369 2341 praelationis
395 2272 457 2326 loco
488 2270 715 2325 distributionem
744 2269 878 2336 cuiusque
908 2267 1033 2322 cultioris

80 2339 179 2419 populi
195 2339 263 2393 iuris
279 2340 309 2392 in
326 2341 369 2393 ius
387 2339 468 2393 civile
486 2342 515 2393 et
532 2339 659 2407 gentium
675 2337 799 2404 iurisque
812 2335 901 2389 civilis
913 2335 1033 2388 Romani

79 2423 110 2460 ur
127 2422 190 2461 suas
207 2408 302 2475 partes
318 2408 470 2475 posuisset,
492 2407 545 2460 hoo
562 2405 624 2459 loco
641 2404 777 2473 Ulpianus
794 2403 835 2469 (L.
856 2408 869 2456 1
887 2418 929 2469 pr.
947 2406 986 2467 ἃς.
1009 2412 1030 2460 1.

80 2481 106 2528 2.
125 2473 160 2530 D.
177 2473 212 2526 de
229 2473 293 2527 inst.
312 2476 343 2527 et
358 2473 418 2526 iure
439 2480 465 2540 1,
488 2478 511 2536 ι)
530 2472 565 2526 de
583 2472 643 2526 iure
662 2474 692 2526 et
708 2472 828 2536 iustitia,
850 2470 885 2523 de
903 2470 964 2523 iure
981 2487 1032 2538 pu-

79 2541 153 2595 blico
176 2543 206 2594 et
226 2540 336 2608 privato
360 2540 441 2593 etde
464 2540 568 2609 privati
590 2540 656 2593 iuris
679 2540 762 2594 variis
784 2536 942 2608 praeceptis
964 2538 1032 2607 agit.

80 2606 188 2685 Deinde
197 2606 287 2684 ‚huius
303 2606 371 2682 iuris
388 2610 626 2686 praepeptanon,
640 2608 677 2685 ,ut
694 2606 792 2672 Gaius,
811 2607 888 2683 cuius
905 2606 1031 2673 tempore

78 2672 792 2818 aaaaarenatat{irritatuaa
809 2672 1033 2818 stataria

79 2823 155 2861 emm
172 2820 301 2860 universo
319 2806 380 2859 orbi
398 2807 494 2860 naam
511 2807 563 2860 hoc
582 2808 731 2861 discmmen
749 2808 835 2860 totius
853 2824 920 2859 iuris
938 2823 1032 2860 1n1m-

78 2873 158 2951 perio
176 2873 445 2926 administrationem
464 2889 562 2941 regere
581 2874 714 2939 desierat;
733 2874 784 2927 sed
795 2891 813 2926 a
824 2876 925 2927 natura
940 2874 1032 2942 potius

80 2941 192 2994 initium
219 2956 330 2994 sumens
357 2939 501 3007 tripertita
523 2955 581 2992 esse
604 2941 678 2993 vult:
706 2941 871 2994 ‘collectum
894 2941 968 2992 eninr
991 2943 1033 2993 est

79 3007 193 3076 (inquit)
206 3023 240 3061 ex
251 3005 427 3082 naturalibus
438 3008 604 3124 praeceptis,
619 3009 669 3060 aut
680 3009 808 3076 gentium
818 3008 868 3060 aut
878 3006 1031 3060 civilibus':

101 3090 153 3128 nae
166 3074 275 3138 divisio,
292 3072 327 3126 ab
346 3088 439 3126 anima
450 3073 513 3125 ibus
524 3072 668 3140 incipiens,
687 3091 747 3127 rem
765 3074 854 3142 magis
872 3074 907 3125 ab
925 3089 977 3124 usu
995 3071 1032 3125 ad

79 3092 238 3196 doctrinam
254 3140 448 3194 transferebat.
472 3138 623 3203 Postremo,
643 3141 719 3207 quod
734 3157 767 3193 ea
787 3146 820 3192 ut
831 3141 873 3192 est
885 3139 1031 3191 maiorem·

80 3225 136 3327 pne
148 3208 215 3286 Um’
252 3223 317 3284 uam
333 3207 403 3259 haec
415 3205 574 3283 distributio
585 3208 685 3283 postea
696 3207 726 3258 in
738 3158 822 3259 soiius
834 3204 901 3257 iuris
913 3204 1033 3257 Romani

80 3275 409 3394 niiirii'ininidsiiiail
426 3270 957 3393 ppprffipfipppppibpsapepptppuipppp
977 3271 1033 3389 itt

81 3407 201 3477 dubito),
220 3406 304 3462 Gaius
323 3407 437 3475 quidem
453 3409 517 3484 post
535 3406 662 3484 exposita
681 3405 805 3482 duplicia
821 3404 871 3457 illa
882 3405 944 3457 iura
957 3408 993 3469 (1,
1006 3409 1032 3471 2)

80 3474 173 3527 addit:
203 3483 287 3541 ‘quae
310 3473 421 3551 singula
442 3473 545 3549 qualia·
558 3474 639 3550 suit,¹
653 3489 709 3524 suis
731 3472 798 3526 locis
811 3479 1032 3549 proponemus,

80 3541 176 3610 itaque
194 3543 294 3611 postea
310 3559 339 3595 in
356 3556 418 3610 ipsa
433 3541 600 3594 tractatione
618 3539 790 3608 singulorum
808 3554 924 3604 iurrnm,
948 3554 1034 3606 quam
