2376 3938
109 170 173 238 218
228 167 407 228 aplscoas
424 168 639 225 ALEXANDRI
658 172 707 226 AD
727 169 993 228 fflsroc'annn.

107 337 143 400 in
165 357 223 401 ora
245 336 420 419 oculosque
443 337 573 399 nostros
596 335 798 418 resiliebant,
827 334 943 418 pedum
969 333 1125 398 binorum

107 428 274 490 ternorum
297 448 317 489 a
340 427 429 488 terra
451 424 650 508 ferebantur,
673 427 763 487 scuta
787 424 972 508 clipeosque
990 426 1125 487 nostros

108 513 218 578 caudis
242 513 403 577 crudelem
432 512 467 576 in
490 511 621 576 modum
643 512 868 577 verberabant.
914 511 975 587 Qui
1001 512 1125 594 partim

110 602 249 686 sagittis,
272 601 392 685 partim
416 601 521 665 contis
541 600 737 665 militaribus
757 601 1013 684 configebantur.
1051 599 1126 663 Per·

82 690 176 754 edidi
198 690 234 753 in
261 711 299 755 eo
323 689 500 754 certamine
528 689 683 753 ducentos
712 711 768 753 sex
796 689 916 752 milites
944 688 1125 752 bestiarum

108 779 276 861 utriusque
296 778 423 862 generis
446 797 566 843 morsu.
608 777 792 842 Occidimus
816 777 856 840 ad
876 777 1125 859 quatuordecim

108 866 207 930 milia

196 953 275 1018 Inde
300 953 341 1019 ad
361 953 492 1019 Oclivas
515 954 635 1018 flumen
653 953 811 1038 venimus,
834 953 920 1037 quod
944 954 1014 1018 sine
1037 954 1125 1018 flexu

108 1046 194 1107 recte
223 1043 263 1107 ad
291 1064 446 1107 oceanum
469 1043 647 1126 ferebatur,
675 1043 779 1105 latum
802 1041 916 1106 stadiis
945 1042 986 1105 ad
1014 1042 1125 1125 ripam

67 1156 94 1196 ro
109 1133 243 1196 alteram
270 1131 400 1215 viginti3
430 1131 617 1195 vestiebant
646 1152 719 1195 eum
747 1130 922 1219 arundines
951 1131 1039 1194 altae
1065 1153 1126 1215 per

108 1220 233 1301 littora,
261 1239 398 1302 quarum
425 1241 524 1284 unam
549 1220 686 1304 triginta
714 1219 837 1283 milites
861 1219 914 1283 vix
938 1219 1024 1282 ferre
1049 1241 1125 1302 pos-

109 1310 191 1372 sent.
245 1306 455 1372 Excedebant
489 1311 598 1373 autem
634 1309 788 1373 arborum
820 1307 1125 1392 procerissimarum

108 1395 321 1460 altitudinem.
362 1395 402 1459 In
424 1395 476 1460 bis
500 1396 713 1461 arundinibus
737 1399 876 1461 stratum
894 1396 1126 1480 potentissimo

109 1484 206 1548 ebore
242 1484 392 1550 vidimus.
446 1484 681 1549 Inhabitabant
717 1485 804 1548 enim
841 1486 948 1550 locum
985 1484 1125 1550 eundem

68 1598 95 1639 15
109 1573 200 1637 milia
232 1572 477 1656 elephantorum
508 1575 692 1658 innumera,
729 1574 785 1657 qui
820 1594 881 1638 nos
913 1574 1023 1638 nescio
1057 1595 1124 1658 quo

107 1662 193 1727 facto
217 1684 276 1726 nec
299 1663 441 1727 lacerare
464 1663 678 1746 temptabant.
719 1662 874 1744 Alioquin
899 1662 1125 1728 crudelissime

107 1751 282 1833 percalcati
310 1772 447 1816 eramus.
496 1750 609 1814 Multis
637 1752 783 1816 collectis
813 1750 962 1814 dentibus
994 1751 1125 1817 ratibus

107 1859 147 1901 ex
170 1839 328 1903 arundine
350 1840 446 1904 factis
470 1840 787 1923 transnavigavimus
811 1860 947 1902 amnem.
989 1839 1126 1903 Inhabi-

107 1927 225 1991 tabant
247 1929 327 1992 litus
350 1928 485 1993 ulterius
504 1927 578 1992 Indi
600 1929 789 1993 balenarum
814 1927 957 1992 ferarum
981 1930 1125 1993 contecti

65 2040 94 2081 ao
107 2017 257 2099 pellibus.
299 2016 375 2083 Non
393 2017 483 2081 fuere
502 2016 727 2102 inhospitales.
769 2017 831 2093 Qui
849 2017 945 2080 nobis
964 2017 1124 2101 spongias

108 2105 199 2168 albas
222 2127 465 2189 purpureasque
493 2106 528 2169 in
558 2127 672 2170 manus
697 2105 812 2170 dedere
836 2126 909 2169 cum
932 2105 1059 2169 bucinis
1083 2127 1124 2170 ex

108 2211 225 2274 genere
250 2193 432 2257 coclearum
461 2194 625 2279 capientes
654 2194 748 2258 binos
776 2198 951 2277 ternosque
976 2194 1124 2278 congios,

108 2283 140 2343 et
163 2282 326 2365 stragulas
353 2283 531 2365 mollesque
557 2283 684 2347 tunicas
714 2304 753 2346 ex
775 2283 953 2346 vitulorum
981 2283 1123 2346 marino·

107 2390 179 2442 rum
197 2370 339 2452 pellibus
358 2370 472 2453 factas,
491 2370 615 2435 cocleas
629 2375 799 2454 praeterea
817 2371 1007 2435 sextariales
1028 2392 1122 2435 escae

64 2484 94 2525 es
107 2457 358 2541 pulcherrimae,
383 2459 461 2521 item
483 2480 608 2523 vermes
638 2482 678 2524 ex
700 2460 772 2543 ipso
795 2459 926 2524 flumine
950 2463 1123 2544 extractos,

197 2687 211 2736 1
230 2681 372 2752 binorum]
386 2683 431 2738 bis
443 2683 471 2738 0.
509 2691 525 2739 2
544 2685 689 2740 aterraO.
708 2685 816 2754 impetu
826 2686 857 2740 V.
878 2703 928 2739 om.
943 2685 1017 2739 ω.Η.
1040 2685 1121 2739 scuta

105 2769 155 2810 om.
174 2752 203 2808 0.
263 2753 396 2808 tcandis
415 2771 465 2809 om.
481 2755 510 2810 G.
541 2756 625 2811 crude
641 2756 669 2810 Ο.
724 2757 940 2827 4militaribus]
960 2756 1121 2810 militaturi-

104 2825 158 2879 bus
174 2824 263 2879 .B.M.
297 2824 405 2880 cunctis
422 2825 624 2882 militaturibus
642 2829 676 2881 L.
709 2827 927 2882 conficiebantur
941 2826 979 2880 H.
1019 2833 1121 2895 tque-

105 2896 276 2967 tuordecim]
297 2897 419 2951 sedecim
438 2897 476 2951 Η.
523 2905 540 2952 8
561 2897 672 2953 Oclivas
687 2919 717 2951 ω.
737 2898 851 2964 oclyvas
868 2898 896 2952 0.
917 2896 1066 2952 occluadas
1080 2898 1120 2952 H.

105 2968 180 3022 flexu
198 2967 315 3024 L.V.H.
338 2968 414 3022 fluxu
432 2968 557 3023 B.G.M.
581 2967 685 3023 reflexu
704 2968 732 3024 0.
782 2968 908 3023 ltaliae
931 2967 964 3024 G.
995 2967 1120 3023 ACCOG.

105 3040 139 3093 L.
147 3040 190 3094 M.
198 3040 234 3094 Β.
273 3055 307 3094 ac
325 3042 466 3094 trecentae
490 3039 567 3093 V.H.
590 3041 733 3094 trecentae
754 3040 783 3095 0.
843 3045 874 3092 11
896 3039 943 3094 vix
960 3041 1032 3092 ferre
1052 3039 1120 3095 o.V.

105 3109 177 3165 ferre
190 3111 284 3167 nont).
324 3117 356 3165 12
372 3110 478 3181 auam]
490 3111 563 3164 enim
572 3110 612 3164 Η.
640 3108 863 3179 procerissimam
872 3109 902 3164 0.
940 3115 974 3163 14
988 3111 1072 3164 ebore
1080 3110 1120 3164 H.

104 3180 190 3236 eboro
213 3184 247 3238 L.
277 3198 343 3236 eruo
367 3183 402 3236 B.
431 3198 498 3236 euro
523 3188 569 3236 cet.
669 3187 702 3234 16
721 3180 844 3235 lacerare
868 3202 898 3237 ω.
926 3182 1065 3235 lacessere
1091 3180 1119 3235 0.

106 3256 139 3305 1⁷
168 3253 320 3320 percultati
344 3253 383 3307 H.
416 3252 538 3321 perculsi
560 3252 592 3306 V.
629 3267 751 3305 essemus
781 3251 810 3307 0.
885 3257 918 3304 18
941 3268 1052 3306 amnem
1078 3251 1121 3304 in-

105 3322 302 3378 habitantibus
325 3323 443 3377 ulterius
466 3322 542 3376 Indis
565 3323 713 3376 beluarum
736 3322 858 3376 ferarum
883 3321 1019 3377 contectis
1039 3321 1122 3391 pelli·

104 3392 158 3445 bus
168 3395 208 3448 Η.
245 3401 281 3449 20
295 3395 350 3449 Sed
363 3411 420 3449 non
433 3392 460 3449 0.
497 3399 530 3446 21
546 3393 859 3463 etgenereB.G.V.H.
897 3399 931 3447 22
949 3392 1121 3463 coclearum]

104 3465 255 3518 conderem
278 3466 313 3519 L.
352 3464 521 3530 coclearum,
544 3465 577 3517 iu
598 3481 684 3534 maro.
708 3465 754 3518 vel
778 3463 937 3519 conclarum
963 3465 996 3520 G.
1035 3465 1121 3519 chon·

90 3532 223 3588 ciliorum
253 3537 281 3594 V.
359 3543 395 3593 23
416 3537 548 3609 stragula
567 3534 598 3592 0.
668 3540 705 3590 ‘ab
724 3535 846 3588 extracti
860 3537 1012 3602 semesas
1030 3535 1120 3602 RH.)
