2362 3938
106 183 171 246 120
522 176 633 233 amna
650 178 697 232 111.

104 344 138 408 id
162 363 263 427 genus
288 340 418 407 aedium
445 362 550 425 neque
577 339 674 424 pretii
699 339 822 405 scilicet
849 337 1000 422 indigens
1023 342 1057 403 et
1080 338 1118 403 ad

105 429 313 517 flagrantiam
339 430 418 495 solis
442 429 558 495 aestivi
579 428 719 513 apricius
737 427 929 492 habebatur.
966 427 996 491 Ii
1019 427 1117 514 igitur
1133 434 1162 488 V.

106 540 179 584 cum
194 517 431 602 comperissent
445 516 668 582 Alexandrum
688 517 728 581 ad
743 537 813 582 sese
833 516 1037 601 contendere,
1056 517 1118 601 pri-

105 611 208 673 mates
233 627 323 691 suos,
346 626 427 689 quos
456 606 581 670 scilicet
608 627 628 670 a
656 604 834 690 sapientiae
858 605 954 670 modo
978 609 1119 688 censent,

71 695 240 762 subviare
269 693 457 760 adventanti
485 693 600 758 iubent
629 714 702 757 cum
732 693 852 758 litteris
882 692 1118 764 huiuscemodi:

105 783 418 869 ‘Gymnosophistae
436 780 637 867 Bragmanae
651 781 835 846 Alexandro
855 781 981 846 homini
1000 783 1118 848 dicunt.
1136 792 1175 843 17.

106 870 140 938 Si
163 873 270 937 tendis
294 871 334 936 ad
357 892 417 936 nos
441 870 673 954 proeliaturus,
696 871 807 955 utique
830 869 892 934 tibi
914 871 1119 954 propositum

106 965 171 1044 cst,
198 960 275 1046 quid
304 959 400 1024 nobis
429 958 573 1042 adferas,
600 959 701 1022 habes
729 980 844 1042 porro,
873 959 960 1042 quod
985 959 1120 1041 auferas,

105 1049 198 1115 nihil.
236 1047 294 1112 Sin
316 1068 393 1112 vero
416 1047 507 1112 venis
531 1051 568 1110 ut
591 1046 707 1130 discas,
729 1069 812 1132 quae
836 1047 973 1112 anobis
999 1049 1121 1112 scilicet

67 1139 184 1202 resciri
207 1138 341 1220 queant,
367 1136 459 1200 nulla
487 1139 538 1199 est
559 1134 747 1199 invidentia.
792 1134 925 1200 Etenim
947 1156 1014 1200 non
1038 1137 1121 1201 arbi-

107 1233 233 1292 tramur
245 1224 337 1288 'inter
354 1223 451 1289 hasce
471 1223 622 1288 scientias
640 1226 771 1288 nostras
791 1245 923 1288 causam
943 1223 1122 1291 discordiae

105 1313 258 1397 positam,
281 1334 354 1377 cum
373 1311 435 1376 tibi
454 1311 560 1376 amica
582 1332 633 1376 res
651 1312 821 1396 proelium,
845 1311 939 1377 nobis
958 1334 1035 1378 vero
1054 1314 1122 1398 phi-

106 1401 257 1486 losopbia
284 1399 463 1467 noscatur.'
514 1398 577 1463 His
611 1398 705 1464 lectis
738 1399 924 1466 Alexander
951 1402 1123 1485 pacificum

106 1491 169 1556 iter
192 1510 288 1574 agere
312 1489 469 1573 decrevit3
499 1488 652 1571 videtque
675 1474 828 1554 bomines
855 1489 980 1573 reliqua
1008 1491 1123 1572 nudos,

68 1601 94 1642 rs
109 1579 166 1645 sed
199 1580 319 1644 amictu
353 1577 492 1662 simplici
525 1578 741 1662 superiectas,
774 1577 1038 1662 diversantesque
1070 1579 1122 1643 his

108 1668 241 1735 aedibus
256 1689 313 1732 seu
328 1666 501 1752 speluncis,
520 1688 656 1752 quarum
670 1667 785 1732 relatio
801 1688 900 1751 supra
913 1670 972 1731 eat
999 1667 1122 1733 Eorum

107 1757 167 1820 filii
190 1757 407 1839 coniugesque
430 1755 601 1839 pascendis
624 1755 802 1838 pecudibus
827 1756 1077 1840 occupabantur.

199 1843 255 1910 11.
270 1845 360 1929 Ergo
375 1843 519 1909 instituit
529 1845 663 1911 Macedo
679 1844 1015 1910 cumhiscehactenus
1025 1845 1124 1929 loqui,
1141 1851 1179 1906 VI

108 1956 145 1998 ac
164 1934 304 2018 primum
320 1935 478 2017 [quaerit],
497 1955 541 1996 an
559 1933 685 2017 uspiam
699 1933 794 1999 huius
813 1932 919 2017 gentis
938 1932 1124 1998 hominibus
1143 1928 1178 1979 18

67 2043 93 2084 ao
108 2023 175 2086 sint
194 2021 373 2105 sepulchra.
414 2021 466 2085 Ad
488 2020 569 2085 haec
588 2041 780 2104 responsum
799 2026 858 2104 est,
881 2020 968 2085 idem
987 2022 1050 2085 sibi
1069 2022 1123 2087 do-

107 2110 262 2174 micilium
286 2129 365 2192 esse,
388 2109 474 2192 quod
497 2108 714 2192 sepulchrum,
737 2129 837 2193 eoque
861 2109 1051 2173 consuefieri
1069 2109 1124 2174 bis

106 2195 308 2278 diversoriis,
336 2199 373 2259 ut
401 2196 477 2259 dum
505 2195 647 2278 quotidie
676 2195 856 2276 dormiunt,
884 2195 1035 2257 desinant
1063 2198 1123 2259 ali-

110 2282 238 2366 quando
261 2283 412 2366 vigilare,
436 2303 537 2366 exque
563 2303 600 2347 eo
625 2283 686 2347 sibi
710 2304 780 2346 esse
802 2301 901 2344 unam
920 2280 1052 2344 domum
1077 2284 1122 2343 vi-

107 2371 199 2435 venti
232 2370 358 2454 paritcr
394 2374 428 2434 et
458 2373 596 2436 mortuo.
651 2369 776 2434 Rursus
809 2367 935 2451 quaerit
971 2388 1010 2430 ex
1046 2368 1122 2447 alie,

25 2537 27 2543 Ι
66 2461 258 2522 neutrumne
289 2457 398 2541 plures
426 2458 492 2523 vivi
526 2478 566 2522 an
603 2461 723 2523 mortui
757 2457 956 2541 putarentur.
1007 2457 1058 2520 Ad
1088 2457 1122 2522 id

105 2566 300 2630 responsum
325 2549 389 2630 est,
412 2545 516 2611 videri
540 2545 670 2629 quidem
692 2545 852 2629 plurimos
875 2548 1037 2630 mortuos,
1065 2547 1121 2611 sed

196 2823 323 2880 aestiva
341 2803 453 2894 aprianus
472 2826 507 2880 A.
535 2823 628 2895 aptius
647 2825 719 2881 Mai.
751 2826 800 2881 Hii
819 2829 854 2882 A.
880 2843 930 2882 om.
947 2828 982 2883 P.
1030 2825 1122 2897 apri-

106 2897 198 2952 matcs
216 2896 250 2952 P.
312 2896 458 2950 4cessent
475 2895 512 2948 A.
575 2895 758 2952 eadventati
776 2898 812 2953 A.
845 2905 910 2969 poet
928 2898 1123 2953 huiuscemodi

106 2968 240 3023 meritur·
253 2968 284 3021 in
298 2966 349 3021 A..·
367 2964 545 3022 EPISTOLA
559 2966 953 3025 GYMNOSOPHISTARUM
967 2967 1018 3022 AD
1037 2969 1122 3023 ALE-

106 3036 300 3094 XANDRVM.
338 3044 354 3094 6
374 3036 620 3108 Gimnosophistac
639 3038 827 3109 Dragmantes
839 3041 874 3094 A.
898 3042 1078 3109 tragmannes
1087 3039 1121 3094 P.

109 3116 123 3165 7
143 3110 241 3180 utique
255 3109 309 3165 tibi
322 3108 515 3179 praepositum
529 3111 616 3164 estA.
639 3107 739 3178 utique
752 3109 807 3165 tibi
820 3108 1006 3180 propositoP.
1026 3109 1123 3163 inutili

106 3180 161 3235 tibi
179 3178 326 3250 proposito
347 3181 405 3237 Mr.
458 3179 589 3235 evenias
608 3180 640 3235 P.
698 3186 731 3234 10
749 3197 805 3236 non
823 3198 873 3236 om.
893 3179 928 3234 A.
985 3185 1019 3233 14
1037 3195 1121 3248 agere

107 3251 264 3376 decrevarli't
273 3252 308 3305 A.
328 3251 528 3375 aggrpderetur
537 3250 570 3307 P.
590 3251 748 3306 corallici.
787 3256 819 3304 15
839 3250 1075 3317 deversantesque
1085 3250 1121 3300 A.

109 3327 142 3376 1e
161 3338 210 3376 seu
258 3338 369 3377 .secur
416 3363 423 3378 .

199 3392 424 3449 11.1ehis1².
494 3398 526 3448 19
545 3392 657 3461 quaerit
674 3391 781 3446 addidi.
849 3397 883 3445 22
902 3393 935 3445 ut
953 3391 1012 3445 Mr.
1042 3391 1071 3443 et
1089 3389 1121 3442 P.

107 3461 156 3514 sed
174 3461 210 3516 A.
253 3467 287 3516 25
306 3463 364 3518 vivi
383 3465 418 3520 P.
441 3465 568 3521 viverent
586 3463 622 3517 A.
648 3463 685 3516 ad
703 3462 789 3532 idque
808 3461 844 3516 A.
886 3466 920 3515 26
938 3460 1018 3516 verbo
1038 3460 1121 3515 ‘mor-

106 3532 182 3585 tuos'
203 3533 305 3600 iacc'pit
322 3535 438 3589 altercat
455 3536 554 3602 folium
571 3535 735 3589 Bccilceasc.
755 3533 805 3588 scd
823 3534 853 3587 et
871 3548 918 3587 eor
936 3533 972 3585 Β.
