2376 3938
326 149 812 248 encournrrcormccnrv.
1036 193 1077 258 'tt

64 358 132 419 ergo
155 338 208 400 ubi
229 341 288 399 iam
311 337 424 419 Minyas
447 344 619 419 certamque
642 339 785 400 accedere
808 340 938 403 Phineus

64 430 151 490 sentit
173 446 274 508 opem,
296 429 408 506 primas
430 422 536 488 baculo
559 427 635 490 duce
658 429 755 489 lertur
777 427 814 487 ad
836 428 931 490 undas

64 518 248 596 uestigatque
271 522 367 576 ratem
389 522 478 594 atquc
502 515 605 576 oeulos
628 515 736 578 attollit
758 518 871 578 inanes.
1024 530 1077 581 435

64 614 134 666 tunc
157 611 279 666 tenuem
302 606 419 683 spirans
442 606 569 664 animem
593 600 685 664 ‘salue
710 624 727 665 ο
751 604 823 665 milri
846 604 967 684 longum

64 700 216 773 expectata
238 711 343 753 manus
366 688 550 771 nostrisque'
574 696 614 754 ait
637 688 748 772 ‘agnita
770 695 859 754 uotis.
977 716 980 720 ·

64 783 200 842 nouimus
223 787 253 841 et
276 779 353 841 diuis
376 782 471 860 geniti
494 780 603 860 quibus
626 789 658 842 et
679 784 728 842 uia
751 783 849 842 iussos

64 888 137 949 quac
160 870 238 930 ierat
258 887 293 930 ac
315 871 411 929 uestri
433 872 572 949 reputaui
595 877 729 948 tempora
752 888 860 930 cursus

64 960 196 1038 proxima
219 974 354 1037 quaeque
377 956 493 1039 legens,
516 965 662 1036 qrrantum
684 957 824 1019 Vulcania
846 957 975 1019 Lemnos
1025 972 1078 1020 440

64 1048 199 1127 traxerit,
222 1045 325 1106 infelix
347 1044 450 1106 tulerit
474 1064 549 1125 quae
572 1046 696 1126 Cyzicus
719 1065 808 1107 arma.

64 1136 144 1196 sensi
167 1140 197 1194 et
219 1133 364 1213 bebrycio
387 1152 558 1213 supremam
580 1137 611 1195 in
634 1135 720 1196 litore
744 1153 874 1214 pugnam

64 1225 121 1283 lam
144 1224 267 1301 propior
288 1224 406 1301 iamque
428 1223 485 1284 boc
509 1224 636 1284 animam
658 1222 800 1284 solamine
823 1224 965 1286 mulcens.

64 1329 123 1372 non
147 1329 201 1390 ego
224 1329 317 1392 nnnc,
340 1328 446 1389 magno
469 1312 549 1390 quod
573 1319 674 1373 cretus
697 1313 832 1391 Agenore
855 1312 995 1397 Phineus,

64 1407 114 1460 aut
136 1416 314 1480 memorem,
336 1417 402 1459 mea
426 1399 504 1478 quod
527 1410 612 1462 uates
635 1401 745 1461 insedit
767 1401 871 1480 Apollo
1023 1413 1075 1462 445

64 1495 198 1568 pectora3
220 1489 387 1566 praesentis
409 1489 509 1567 potius
532 1491 717 1549 miserescite
739 1490 800 1549 lati.

64 1594 119 1636 nec
142 1574 215 1636 mihi
237 1574 365 1636 diuersis
388 1583 521 1636 erratum
543 1575 661 1636 casibus
684 1575 789 1637 orbem

64 1666 185 1724 amissas
209 1670 260 1724 aut
282 1663 355 1724 llere
379 1662 482 1725 domos
505 1672 557 1725 aut
578 1664 675 1725 dulcia
698 1672 816 1743 tempus

64 1752 188 1833 lumina3
212 1753 357 1813 conlectis
380 1770 482 1813 serum
505 1761 552 1813 est
574 1770 611 1814 ex
633 1752 738 1812 ordine
762 1753 830 1812 latis

64 1839 223 1919 ingemere.
268 1839 415 1920 Harpyiae
438 1859 557 1920 semper
579 1859 646 1902 mea
667 1839 774 1922 pabula
797 1848 928 1922 seruant,
1024 1853 1077 1904 tto

64 1928 165 1988 fallere
189 1946 263 2007 quas
286 1947 433 2009 nusquam
457 1932 567 1990 misero
590 1928 688 1990 locus:
710 1927 793 1990 ilicet
815 1945 917 1988 omnes

64 2017 229 2078 deueniunt
251 2018 337 2096 niger
358 2019 471 2079 intorto
495 2036 552 2079 ceu
575 2017 695 2079 turbine
718 2015 847 2097 nimbus,

63 2107 181 2184 iamque
204 2104 257 2166 alis
279 2105 385 2185 procul
408 2116 438 2168 et
461 2108 561 2168 sonitu
584 2105 657 2166 mibi
680 2113 750 2166 ncta
773 2098 923 2185 Celaen03‘

64 2193 210 2271 diripiunt
232 2202 420 2274 uerruntque
443 2195 534 2275 dapes
556 2194 732 2273 foedataque
756 2193 882 2255 turbant

64 2279 184 2362 pocula,
208 2284 303 2342 saeuit
325 2282 399 2343 odor
421 2286 576 2365 surgitque
599 2285 766 2343 miserrima
788 2299 896 2362 pugna,
1025 2293 1077 2342 456

64 2387 178 2450 parque
201 2369 274 2430 mibi
296 2373 498 2451 monstrisque
520 2372 622 2432 fames.
668 2389 811 2450 spreuere
834 2370 914 2450 quod
938 2389 1041 2432 omnes

64 2455 295 2538 pollueruntque
318 2478 407 2521 manu
431 2460 570 2540 quodque
594 2459 744 2540 unguibus
767 2458 876 2520 excidit
899 2461 971 2521 atris

64 2546 118 2607 has
141 2545 215 2608 mibi
235 2548 295 2610 lert
316 2551 347 2609 in
370 2548 436 2610 luce
460 2567 567 2610 moras.
613 2567 669 2627 nec
692 2566 833 2628 rumpere
857 2550 916 2609 iata

64 2643 160 2695 morte
184 2633 266 2717 licet3
290 2638 418 2699 trahitur
440 2640 524 2700 uictu
547 2637 677 2699 crudelis
700 2645 824 2718 egestas.

64 2722 118 2784 scd
141 2741 197 2784 uos
220 2742 238 2783 ο
260 2734 379 2787 seruate
401 2744 523 2808 precor,
545 2727 697 2805 praedicta
719 2726 845 2787 deorum
1025 2738 1078 2787 too

64 2813 91 2872 si
113 2829 174 2871 non
196 2811 269 2872 falsa
291 2814 378 2894 mibi,
396 2832 452 2874 uos
475 2815 565 2874 finem
587 2816 721 2894 inponite
743 2815 857 2893 poenis.

64 2916 171 2978 nempe
195 2899 317 2982 adsunt,
340 2902 393 2978 qui
414 2908 548 2962 monstra
570 2902 687 2981 lugent,
710 2901 867 2980 Aquilonia
889 2898 989 2979 proles

64 3006 125 3048 non
149 2994 272 3047 externa
295 2986 381 3066 mibi3
404 3005 472 3048 nam
494 3004 548 3048 rex
570 3005 625 3067 ego
648 2987 751 3048 diuitis
773 2986 866 3047 llebri

64 3077 226 3152 iunctaque
249 3082 352 3136 uestra
375 3091 441 3135 tneo
464 3075 614 3155 quondam
637 3074 792 3153 Cleopatra
815 3068 927 3135 cubili.'

109 3159 225 3221 Nomen
249 3160 285 3222 ad
309 3162 433 3224 Actaeae
456 3163 551 3225 Calais
574 3162 720 3242 Zetesque
744 3164 856 3223 sororis
1026 3175 1078 3223 465

64 3249 239 3363 prosiliunt,
262 3250 513 3333 Zetesqueprior
537 3246 638 3332 ‘quem
661 3245 845 3312 cernimus?
867 3252 973 3330 inquit.

79 3346 151 3400 tune
175 3339 225 3402 ille
248 3340 391 3421 Odrysiae
413 3341 546 3403 Phineus
568 3359 620 3402 rer
644 3339 765 3401 inclitus
788 3335 879 3402 orae?

65 3426 236 3490 tu'Phoebi
259 3448 359 3491 comcs
383 3438 414 3492 et
435 3438 538 3493 nostro
561 3429 669 3491 dilecte
691 3425 830 3509 parenti?

67 3533 85 3576 o
108 3515 160 3576 ubi
183 3536 263 3580 nunc
285 3522 371 3600 regni
392 3522 571 3603 generisque
594 3517 648 3583 ubl
668 3513 785 3602 glorla‘l
811 3537 909 3602 quam
924 3524 962 3579 tc
