2376 3938
112 185 178 251 202
232 185 411 241 EPISTOLA
429 185 645 241 ALEXANDRI
664 183 714 239 AD
734 148 999 241 antevorntnn.

112 369 188 433 gere
214 369 318 432 neque
347 349 478 433 abigere
506 349 575 413 ausi
602 347 783 432 fueramus,
813 369 885 412 cum
914 347 1043 412 siccatis
1072 370 1129 412 un·

113 437 229 521 guibue
251 438 290 501 de
309 441 484 521 conspectu
502 441 617 502 nostro
638 437 754 501 abiere
792 436 881 500 Tunc
900 457 961 521 ego
980 437 1130 502 locorum

112 527 396 604 demonstratores,
416 527 471 610 qui
488 548 548 590 nos
566 547 694 608 semper
711 527 746 589 in
764 525 898 589 insidias
913 524 1127 609 deducebant,

112 616 252 699 pessime
276 616 411 679 meritos
431 614 622 699 crurifragio
642 614 751 697 puniri
773 614 863 697 iussi,
886 617 923 677 ut
946 619 1041 678 nocte
1061 614 1129 680 vivi

78 724 92 765 s
115 704 338 787 spirantesque
358 726 378 768 a
396 703 599 787 serpentibus
619 705 895 786 consumerentur,
918 706 956 766 ut
974 724 1034 767 nos
1055 724 1127 768 con·

112 792 196 856 sumi
215 792 393 858 voluerant.
427 791 543 856 Manus
563 813 690 875 quoque
710 792 757 856 eis
778 791 938 874 confringi
956 791 1127 875 imperavi,

111 884 148 944 ut
171 881 289 945 merita
310 901 370 964 pro
394 879 490 946 factis
513 881 580 944 suis
604 881 733 944 luerent
758 879 925 965 supplicia.

201 967 324 1033 Habita
347 969 462 1032 deinde
486 969 651 1050 contione,
679 973 716 1033 ut
743 968 844 1034 fortes
873 970 983 1032 essent
1006 967 1126 1032 milites

111 1078 191 1122 neve
220 1057 364 1121 adversis
393 1061 431 1120 ut
454 1056 593 1120 feminae
617 1057 746 1122 casibus
771 1057 989 1139 afficerentur,
1017 1062 1127 1122 castra

72 1166 97 1204 ro
112 1150 269 1208 concentu
306 1145 440 1209 bucinae
476 1149 608 1228 repente
645 1146 725 1210 iussi
755 1146 916 1229 proficisci
949 1145 1003 1208 ad'
1019 1143 1123 1210 Nothi

111 1233 201 1296 venti
233 1233 396 1315 spiracula
427 1235 572 1298 tendens.
627 1233 693 1299 Ubi
729 1235 873 1300 collectis
911 1234 1123 1298 barbarorum

110 1319 328 1404 Indorumque
348 1321 469 1386 viribus
492 1321 590 1387 hostes
608 1344 694 1387 nova
712 1323 938 1406 conspirantes
962 1322 1051 1386 bella
1075 1344 1126 1387 co·

112 1409 292 1494 gnovimus.
338 1409 384 1474 nt
411 1410 571 1474 militibus
596 1411 724 1496 quidem
752 1413 833 1476 meis
859 1412 1009 1496 ingentes
1033 1414 1128 1475 erant

113 1498 231 1583 animi,
263 1499 379 1582 quibus
410 1503 443 1563 et
470 1521 582 1563 census
612 1504 645 1563 et
671 1501 808 1565 victoria
835 1498 1065 1583 suppeditabat
1094 1503 1126 1565 et

73 1609 99 1649 15
113 1588 262 1653 felicitas.
316 1585 452 1651 Relictis
489 1609 566 1672 ergo
603 1590 794 1671 periculosis
831 1589 1008 1670 invisisque
1045 1588 1126 1652 locis

111 1678 270 1740 montium
308 1677 363 1741 vix
398 1677 531 1741 tandem
572 1677 634 1740 iter
673 1678 868 1741 calcavimus
912 1681 945 1739 et
980 1676 1014 1739 in
1051 1677 1124 1741 loca

110 1763 359 1830 Bactrianorum
392 1786 471 1830 auro
506 1765 690 1850 divitiisque
723 1767 876 1849 opulenta
907 1764 1125 1847 pervenimus.

110 1851 352 1938 Benigniusque
376 1854 500 1938 accepti
524 1876 543 1918 a
566 1855 834 1938 commeantibus,
858 1875 931 1918 cum
950 1852 1125 1917 Persarum

109 1943 249 2007 confinia
273 1943 457 2007 adiacerent
483 1943 568 2026 agri,
594 1942 629 2006 in
656 1943 881 2026 praeparando
905 1942 992 2006 bello
1016 1945 1126 2006 castra

70 2051 97 2092 eo
112 2052 169 2112 per
193 2031 261 2094 dies
284 2032 421 2116 triginta
444 2031 546 2096 statui
568 2031 636 2095 otio
660 2031 756 2095 facto.
801 2030 879 2095 Mox
903 2030 1028 2094 dierum
1053 2052 1123 2115 sep·

109 2121 316 2183 tem-itinere
341 2121 488 2184 confecto
517 2119 723 2204 pervenimus
754 2141 805 2202 eo,
835 2118 892 2183 ubi
919 2117 1023 2183 Porus
1050 2140 1124 2183 oum

111 2206 249 2271 collecto
274 2209 462 2272 consederat
486 2208 642 2290 exercitu,
668 2208 772 2291 magis
800 2207 932 2292 proprie
960 2207 1125 2272 deditione

110 2316 206 2377 quam
230 2296 364 2378 proelio.
410 2295 496 2360 Nem
521 2303 553 2360 et
576 2301 774 2361 commeatus
802 2297 896 2362 nobis
920 2297 1030 2380 palam
1056 2318 1125 2360 non

109 2385 146 2444 ut
169 2381 274 2446 hostis
303 2383 392 2448 dedit
417 2388 614 2467 potestatem
642 2385 836 2468 cupiensque
864 2406 916 2448 me
943 2406 1039 2448 nosse
1064 2385 1125 2468 [et]

109 2571 176 2624 gare
195 2573 245 2611 om.
264 2555 295 2610 V.
323 2572 414 2624 neque
433 2558 547 2621 abigere
565 2574 615 2613 om.
635 2558 673 2612 H.
727 2564 740 2611 1
760 2558 836 2629 cum]
857 2559 975 2612 cunetae
994 2575 1061 2613 vero
1081 2559 1121 2614 H.

108 2627 168 2679 tum
182 2626 213 2681 V.
250 2627 379 2681 tebiere
395 2627 553 2685 G.H.V.P.
579 2627 693 2697 abigere
708 2629 743 2684 L.
773 2629 883 2683 abicere
904 2629 981 2683 HM.
1021 2635 1124 2684 boon-

109 2699 262 2752 sumereH.
301 2703 317 2751 6
332 2698 480 2752 voluerunt
487 2699 521 2753 L.
531 2699 564 2754 G.
572 2701 614 2753 M.
622 2700 661 2753 H.
701 2706 715 2754 7
731 2699 839 2753 luerent
848 2698 877 2754 0.
892 2701 1037 2754 uterentur
1046 2719 1075 2752 ω.
1083 2700 1123 2756 Η.

108 2767 295 2851 baberentV5
326 2774 357 2851 Ι9
378 2768 565 2841 afficerentur]
585 2770 737 2824 deficerent
755 2771 795 2825 H.
845 2777 877 2824 10
895 2769 1061 2825 bucinarum
1081 2771 1122 2825 H.

107 2840 530 2966 restituisset
544 2840 1124 2982 ..terereturstetten.

111 2986 143 3035 13
164 2982 276 3051 quidem
296 2998 346 3038 om.
366 2983 479 3039 u.V.H.
537 2988 572 3038 14
591 3000 689 3038 census
707 2982 888 3038 victoriarum
906 2983 945 3038 H.
1003 2988 1036 3037 15
1055 3000 1124 3052 ergo

109 3069 159 3108 om.
171 3054 246 3108 ω.Η.
255 3054 286 3108 V.
306 3053 547 3123 periculosissimis
557 3055 627 3109 locis
637 3054 676 3109 H.
719 3059 752 3107 16
771 3053 920 3122 montium]
931 3054 1069 3108 munitum
1083 3054 1123 3108 H.

109 3124 138 3190 et
150 3123 229 3179 GH
249 3127 338 3181 utcet.
396 3130 428 3178 18
448 3127 596 3195 acceptio.
621 3125 731 3194 excepti
743 3123 817 3180 OH.
843 3124 1035 3179 comeantibus
1048 3126 1123 3180 GH.

110 3195 259 3250 comitibus
279 3217 308 3250 ω.
316 3196 347 3251 V.
449 3202 480 3250 19
501 3198 621 3250 confines
642 3195 721 3251 ΜΟ.
759 3195 882 3250 iacerent
900 3195 1010 3250 ΒΗΘ.
1043 3212 1124 3264 prae·

108 3267 233 3333 parando
254 3267 281 3322 0.
309 3268 465 3336 reparando
484 3266 643 3323 L.G.V.H.
669 3266 839 3334 creperandc
858 3267 893 3320 B.
920 3267 1059 3336 crepando
1080 3267 1123 3321 M.

108 3341 142 3389 20
162 3336 292 3408 triginta]
312 3338 363 3391 XX
373 3339 413 3392 H.
433 3339 552 3408 septem]
573 3339 692 3406 quatuor
702 3337 740 3390 H.
783 3343 817 3391 21
837 3337 964 3392 confecto
984 3354 1033 3392 om.
1046 3358 1075 3391 ω.
1083 3337 1121 3392 H.

107 3421 141 3459 eo
159 3423 209 3463 cm.
230 3407 306 3462 ω.Η.
346 3414 380 3463 23
400 3409 508 3477 proelio
528 3409 642 3462 studens
663 3409 693 3464 V.
722 3409 851 3476 propriae
871 3408 1008 3463 deditioni
1030 3409 1123 3479 magis

107 3491 192 3599 <pipp
206 3477 318 3602 presepio
338 3496 367 3533 se
387 3480 584 3533 commissurus
593 3479 633 3534 H.
680 3485 715 3533 24
734 3478 908 3548 cupidusque
919 3479 992 3534 GH.
1023 3483 1052 3534 et
1071 3496 1122 3534 om.

156 3564 186 3599 e.
235 3563 296 3602 aar.
