2362 3938
411 196 530 253 carus
549 196 773 254 cinnanum.
1052 200 1102 270 55.

161 357 228 423 44.
269 356 332 422 Sed
363 360 447 423 enim
477 359 661 425 Alexander
691 361 775 426 hanc
805 362 869 426 sibi
898 363 1096 445 peculiarem
1115 375 1159 427 54.

83 447 221 530 gloriam
256 448 426 532 adpetens,
461 449 489 512 si
521 470 577 512 rex
605 449 735 535 fugiens
764 450 1096 536 comprehenderetur,

83 536 260 600 animosius
293 536 460 601 insecutus
493 559 604 601 currus
638 537 765 622 quidem
794 560 946 623 armaque
974 541 1097 624 regalia

82 628 283 710 matremque
316 647 381 690 una
413 629 446 689 et
477 646 609 690 uxorem
645 648 717 691 cum
754 627 936 711 virginibus
966 628 1095 693 filiabus

83 713 221 777 emensis
251 714 366 778 stadiis
395 715 565 798 sexaginta
593 714 850 800 comprehendit,
881 716 990 799 ipsum
1017 737 1128 782 veros

82 800 219 865 Darium
241 824 306 866 non
326 803 431 866 minus
451 803 654 868 tenebrosior
676 825 741 868 nox
761 825 857 887 quam
877 826 989 869 cursus
1009 805 1095 870 velo-

82 891 161 953 citas
176 890 376 956 liberaverat
390 892 508 976 quippe
525 892 591 956 iam
605 893 745 975 primum
759 892 794 956 in
807 893 888 958 haec
902 897 935 957 et
948 893 1096 959 huiusce·

83 979 170 1042 modi
203 979 385 1044 fortunaria
417 979 584 1062 dispositis
618 982 708 1063 equis
742 985 775 1045 et
805 981 922 1046 itinere
954 983 1095 1065 provisu.

81 1065 274 1132 Macedones
298 1089 373 1132 vero
402 1069 502 1151 potiti
523 1069 660 1133 victoria
687 1069 722 1133 in
749 1073 857 1136 castra
879 1068 1011 1135 Persica
1038 1069 1096 1136 mi-

82 1176 216 1238 gravere
235 1178 362 1240 unaque
377 1156 561 1221 Alexander
576 1157 727 1222 tentoriis
746 1159 845 1242 regiis
865 1160 1094 1243 superveniens
1109 1181 1135 1221 ιο

82 1249 233 1328 expertus
262 1246 309 1309 ibi
332 1247 473 1329 primum
501 1250 552 1310 est
574 1268 639 1310 una
662 1268 735 1310 cum
758 1247 914 1312 militibus
939 1249 1006 1313 suis
1029 1249 1094 1314 for·

81 1336 178 1397 tunae
204 1333 291 1398 illius
317 1356 354 1399 ac
377 1335 533 1399 victoriae
557 1336 817 1401 emolumentum.
863 1335 975 1420 Neque
999 1359 1094 1422 mage
1114 1346 1158 1400 55.

80 1423 209 1505 uspiam
229 1423 425 1488 continentis
444 1423 545 1511 animi
564 1423 772 1488 moderamen
788 1423 970 1489 Alexander
988 1427 1095 1508 potuit

81 1515 255 1594 ostentare,
278 1533 375 1595 quam
395 1512 481 1595 quod
500 1512 534 1575 in
553 1511 615 1576 hoc
633 1511 782 1577 fortunae
800 1512 911 1578 favore
931 1536 970 1578 ex
989 1535 1093 1596 aequo

81 1621 155 1663 suae
180 1603 278 1682 atque
301 1600 456 1664 adversae
478 1600 581 1684 partis
609 1600 684 1664 iniit
706 1602 880 1684 rationem,
909 1622 975 1665 non
1002 1622 1092 1666 secus
1108 1621 1133 1663 1s

81 1689 202 1752 scilicet
232 1688 377 1771 probatis
407 1688 553 1753 hostium
581 1689 784 1770 navioribus,
814 1690 869 1772 qui
899 1709 957 1772 pro
985 1689 1094 1772 patria

80 1776 209 1840 fortiter
240 1779 457 1861 oppetissent,
490 1799 586 1861 quam
620 1778 647 1840 si
680 1777 751 1861 quis
782 1798 913 1841 suorum
944 1779 1094 1844 strenuus

80 1866 268 1931 exstitisset.
306 1864 447 1930 Cunctos
466 1866 577 1951 igitur,
601 1887 682 1949 quos
706 1865 739 1929 in
759 1865 845 1930 bello
863 1865 1095 1931 nobilitaverat

79 1955 216 2018 militiae
247 1956 503 2038 experimentum
537 1959 569 2019 et
596 1976 684 2018 mors
714 1954 854 2036 inclytos
882 1953 1017 2036 fecerat,
1045 1954 1093 2017 in·

79 2043 162 2125 quiri
201 2046 382 2126 prostratos
421 2047 453 2107 et
489 2043 661 2127 magnifice
699 2042 829 2125 sepeliri
866 2045 899 2105 et
935 2042 1092 2125 sepulcris
1108 2063 1134 2104 ao

79 2131 233 2195 honorari
257 2132 355 2196 iubet.
401 2131 541 2197 Matrem
564 2153 661 2217 porro
687 2129 778 2195 Darii
805 2152 870 2194 una
897 2152 970 2195 cum
993 2152 1093 2196 uxore

79 2219 272 2302 filiabusque
297 2220 385 2283 cultu
408 2221 498 2305 regio
521 2220 787 2305 prosequebatur,
810 2241 847 2284 ac
871 2221 899 2283 si
923 2221 977 2303 qui
1000 2242 1093 2304 prae-

78 2311 167 2372 terea
191 2308 226 2371 in
250 2312 447 2391 potestatem
470 2308 615 2374 hostium
639 2309 851 2391 devenissent,
874 2308 1005 2374 fortuna
1028 2308 1092 2393 pri-

79 2397 164 2460 stina
185 2397 401 2462 donabantur.
428 2397 604 2462 Enimvero
624 2398 775 2462 cecidisse
788 2400 868 2461 tunc
882 2396 1093 2462 Macedonum

79 2486 160 2549 satis
190 2490 319 2549 constat
345 2486 491 2569 peditum
521 2485 650 2569 quidem
679 2486 918 2570 septingentos,
948 2487 1093 2570 equitum
1107 2505 1149 2553 rs.

168 2712 218 2766 44.
251 2715 422 2782 nappetens
441 2729 510 2767 corr.
529 2729 563 2767 ea
581 2714 679 2780 petens
691 2713 725 2766 A.
754 2713 896 2782 petensP.
943 2714 1091 2768 everoA.

78 2783 166 2850 igitur
180 2784 214 2836 P.
289 2789 319 2837 21
343 2784 409 2838 Post
427 2783 560 2838 honorari
577 2783 656 2838 iubet
674 2785 715 2838 ita
729 2786 823 2853 pergit
841 2784 887 2839 P.:
907 2785 936 2839 et
954 2799 1093 2852 quemque

78 2855 258 2908 vulneratum
279 2855 377 2908 curari.
415 2854 544 2922 quamvis
567 2853 629 2923 ipse
652 2853 727 2908 foret
748 2855 829 2922 gravi
847 2854 960 2908 femoris
980 2853 1092 2908 saucius

78 2926 201 2981 vulnere.
248 2924 355 2979 Audito
384 2927 480 2979 tamen
509 2926 656 2994 captarum
684 2924 833 2978 mulierum
861 2924 940 2979 Darii
972 2924 1092 2992 ululatu,

78 2996 181 3063 quibus
197 2997 259 3050 visa
278 3013 357 3049 arma
376 2995 454 3049 Darii
473 2998 502 3050 et
521 3013 617 3050 currus
632 2996 795 3065 opinionem
813 2994 889 3050 caesi
907 2994 982 3062 regis
997 2993 1093 3049 affere·

78 3066 159 3135 bant,
185 3069 214 3121 et
232 3067 298 3121 iisse
318 3065 420 3121 adeas
439 3066 528 3121 fertm
547 3070 576 3121 et
594 3065 746 3121 honorifice
766 3065 868 3119 vidisse
887 3065 1019 3132 regieque
1044 3063 1092 3118 ob·

78 3139 184 3192 servari
202 3137 325 3192 iussisse.
363 3137 417 3191 Ubi
436 3137 550 3192 additur
568 3137 731 3192 testimonio
746 3134 892 3190 Efestiona
904 3150 960 3188 nna
975 3151 1037 3188 cum
1051 3134 1093 3204 vi<

79 3209 186 3263 dissent
207 3207 387 3262 indiscretius
411 3207 518 3262 cultum
542 3209 576 3263 de
601 3210 667 3261 actu
691 3204 813 3274 corporis
837 3204 938 3258 melius
961 3204 1092 3271 opinatae

79 3279 170 3348 ipsum
185 3297 236 3349 pro
252 3279 412 3333 Alexandro
427 3278 572 3334 salutasse.
606 3277 662 3333 Sed
679 3278 755 3332 hunc
774 3274 999 3356 erroremmatre
1015 3273 1093 3327 Darii

79 3351 261 3406 embescente
272 3349 375 3404 dixisse
385 3365 482 3418 regem
492 3349 562 3404 nihil
573 3366 635 3404 eam
645 3348 746 3403 erroris
760 3345 818 3399 eius
828 3346 971 3414 paenitere
982 3343 1092 3400 debere.

166 3425 303 3490 mutoque
336 3423 411 3475 enim
422 3438 451 3475 se
461 3420 651 3474 Alexandrum
662 3418 841 3488 salutantem.
878 3415 995 3470 Matrem
1010 3430 1092 3485 porro
1167 3404 1172 3469 l

80 3490 156 3546 Darii
174 3510 233 3547 una
252 3509 337 3547 uxore
355 3498 403 3547 etc.
440 3498 560 3562 porros.
580 3507 646 3545 vero
656 3490 730 3544 A.P.
786 3495 821 3542 24
840 3486 1092 3545 donabanturff.
1165 3476 1172 3545 l

79 3562 268 3633 dignabantur
287 3563 321 3617 A.
1167 3566 1172 3603 ἕ
