2362 3938
79 176 100 239 5
431 163 461 219 e.
480 160 774 221 recanescaeec

77 326 109 385 in
133 332 339 401 quaecumque
358 330 464 392 uocas3
487 331 543 373 nee
566 305 644 391 nos’,
666 314 718 394 ait,
743 308 898 399 ‘optume
921 333 1025 397 segnes
1051 324 1086 377 itt

78 408 244 473 credideris
262 404 406 486 patriisue
429 403 524 480 magis
546 399 697 461 confidere
720 405 828 482 reguis

80 516 171 580 quam
193 496 262 576 tibi,
285 496 310 555 si
334 493 446 573 primos
469 490 599 551 duecte
621 491 746 551 uirtutis
770 490 911 557 honores

81 604 220 668 carpere,
243 586 391 645 fraternae
415 583 442 641 si
464 579 517 640 des
540 578 716 640 adcrescere
739 579 849 642 famae.

82 679 156 758 quin
179 692 248 757 ego,
271 687 369 750 nequa
391 677 474 730 metu
497 669 590 728 nimio
612 685 660 728 me
683 685 757 729 cura
781 674 923 749 parentis

81 763 228 846 inpediat,
251 759 349 821 fallam
371 761 507 839 ignarum
530 756 708 836 subitusque
732 760 847 837 paratis
1051 771 1086 822 itt

84 862 157 915 tuuc
181 850 270 912 adero
293 851 405 928 primas
427 847 542 926 linquet
565 862 634 906 cum
655 848 766 925 puppis
790 845 946 910 harenas?

83 942 207 1002 dixerat.
254 937 302 997 ille
327 939 440 997 animos
463 936 668 1015 promissaque
691 933 761 994 talia
784 934 886 998 laetus

83 1030 192 1106 accipit
215 1033 245 1087 et
268 1043 391 1104 gressus
414 1025 534 1104 rapidos
558 1022 594 1083 ad
616 1023 704 1084 litora
727 1026 831 1086 uertit.

171 1115 209 1174 At
232 1113 316 1174 deicis
339 1113 473 1190 imperiis
495 1111 610 1192 Minyae
634 1113 810 1191 monituque
836 1114 1013 1195 frequentes

80 1218 212 1284 puppem
234 1201 347 1260 umeris
371 1198 502 1260 subeunt
524 1207 555 1261 et
577 1207 660 1261 tento
684 1199 795 1281 poplite
820 1206 914 1281 proni
1047 1213 1085 1266 itt

83 1290 249 1351 decurrunt
270 1290 443 1366 intrantque
466 1288 587 1349 fretum.
632 1307 693 1350 nou
715 1288 830 1350 clamor
853 1292 972 1356 anhelis

81 1380 220 1441 nauticus
243 1385 296 1438 aut
317 1375 443 1437 blandus
466 1376 617 1439 testudine
641 1377 735 1439 deluit
759 1376 912 1458 orpheus.
1124 1402 1127 1469 q

82 1476 148 1531 tum
170 1467 240 1528 laeti
262 1474 397 1529 statuunt
420 1484 495 1527 aras.
541 1464 607 1549 tihi,
630 1473 731 1527 rector
753 1485 912 1551 aquarum,
1124 1472 1127 1479 '

83 1575 219 1619 summus
241 1557 351 1637 honor,
374 1555 429 1616 tihi
452 1553 598 1616 caeruleis
620 1556 652 1615 in
675 1554 762 1615 litore
785 1557 873 1618 uittis
970 1566 974 1570 “

84 1655 115 1708 et
139 1646 281 1726 Zephyris
305 1645 475 1723 Glaucoque
498 1643 608 1705 bouem
630 1642 808 1723 Thetidique
832 1647 1000 1712 iuuencam
1048 1656 1085 1709 lli

83 1733 175 1794 deicit
198 1735 342 1794 Ancaeus
388 1751 448 1793 non
470 1732 521 1792 illo
545 1733 656 1792 certior
679 1732 753 1793 alter

83 1823 204 1902 pinguia
227 1822 342 1883 letifera
365 1822 552 1902 perfringere
571 1818 645 1881 eolla
667 1819 797 1900 bipenni.

82 1913 148 1992 ipse
171 1919 218 1972 ter
241 1929 390 1990 aequoreo
412 1909 508 1971 libans
532 1908 682 1970 carchesia
703 1911 781 1988 patri

83 2003 127 2061 sic
151 2003 192 2063 ait
214 1999 390 2060 Aesonides:
414 1994 443 2059 ‘o
467 2001 519 2077 qui
542 1999 709 2078 spumantia
731 2005 806 2059 nutu
906 1990 909 1995 ’

83 2107 176 2168 regna
199 2091 297 2167 quatis
320 2095 477 2165 terrasque
500 2087 561 2147 salo
585 2086 780 2166 conplecteris
803 2105 921 2170 omnes,
1050 2096 1087 2153 itt

83 2177 121 2238 da
143 2179 270 2237 ueniam.
316 2178 378 2235 scio
402 2193 450 2236 me
474 2178 590 2237 cunctis
614 2194 629 2235 e
653 2175 791 2254 gentibus
814 2194 912 2240 unum
942 2212 945 2218 ·

81 2265 211 2325 inlicitas
234 2271 380 2344 temptare
404 2265 468 2324 uias
492 2262 679 2342 hiememque
702 2266 824 2325 mereri:

82 2351 135 2413 sed
158 2370 219 2412 non
243 2361 348 2431 sponte
372 2353 467 2432 feror,
490 2370 546 2413 nec
569 2369 649 2412 nunc
672 2353 745 2413 mihi
766 2353 891 2432 iungere
915 2366 1036 2427 montes

80 2457 165 2502 mens
188 2450 257 2500 auet
281 2449 331 2500 aut
355 2457 471 2499 summo
495 2440 657 2519 deposcere
681 2441 794 2503 fulmen
818 2439 954 2524 Olympo.

81 2546 138 2589 nee
160 2528 259 2588 Peliae
282 2545 329 2586 me
353 2534 424 2587 uota
447 2527 583 2588 trahunt:
605 2528 655 2589 ille
679 2548 784 2610 aspera
805 2533 887 2592 iussa
1049 2541 1090 2595 20⁰

80 2618 214 2696 repperit
238 2623 267 2676 et
290 2613 417 2676 Colchos
439 2617 471 2674 in
493 2633 542 2674 me
565 2615 740 2697 luctumque
764 2637 908 2681 meorum.

80 2704 123 2765 llli
146 2704 263 2764 inhians
286 2711 402 2764 tantum
425 2720 485 2763 nou
508 2702 733 2783 indignantibus
755 2708 844 2769 undis

80 2792 138 2854 hoc
162 2802 251 2873 caput
274 2794 400 2872 accipias
424 2800 455 2853 et
472 2810 607 2873 pressam
630 2795 752 2874 regibus
775 2792 896 2857 alnum'

82 2885 126 2944 sie
149 2883 227 2945 latus
250 2884 354 2963 pingui
372 2881 504 2943 cumulat
526 2882 666 2944 libamine
689 2884 844 2946 flammam.

171 2972 299 3034 Protulit
322 2979 356 3033 ut
379 2973 493 3032 crinem
516 2972 618 3035 densis
640 2973 770 3035 luctatus
793 2977 825 3034 in
848 2976 926 3035 extis
1046 2984 1090 3036 205

81 3062 159 3139 ignis
183 3070 214 3122 et
236 3063 371 3124 escendit
394 3061 528 3122 salientia
551 3065 669 3124 uiscera
691 3065 779 3143 tauri,

81 3165 151 3207 ecee
176 3167 261 3210 sacer
284 3160 424 3231 totusque
449 3150 496 3211 dei
514 3168 569 3228 per
592 3151 679 3212 litora
696 3151 825 3230 Mopsus,

78 3235 207 3296 inmanis
230 3240 313 3320 uisu,
336 3241 499 3317 uittamque
523 3256 696 3318 comamque
719 3256 774 3318 per
797 3252 883 3296 auras

81 3330 255 3398 surgentem
277 3324 439 3404 laurusque
463 3333 549 3385 rotat.
595 3345 655 3386 uox
677 3325 792 3386 reddita
815 3321 945 3405 tandem,

79 3421 139 3465 uox
161 3404 312 3471 horrenda
334 3413 421 3492 uiris5
446 3421 509 3473 turm
532 3413 609 3472 iacta
632 3412 748 3473 silentia
770 3410 840 3470 uati.
1045 3427 1094 3479 210

80 3487 151 3554 ‘heu
174 3510 320 3572 quaenam
343 3499 467 3576 aspicio!
490 3502 601 3560 nostris
623 3499 710 3560 modo
734 3499 870 3560 concitus
893 3504 975 3565 ausis
