2362 3938
105 181 168 245 610
290 193 392 229 nonrrn
410 193 517 231 1111411
534 193 632 231 amau.
652 176 736 232 XXV,
757 183 870 233 14-18.

0 323 95 372 otae
166 320 207 380 14.
233 317 287 390 ¹ls,
305 324 352 397 qui
369 316 373 401 l
390 333 503 398 rogatus
518 331 560 380 est
575 323 619 380 alii
633 326 777 383 restituere
792 324 977 398 hereditatem,
995 324 1057 399 lege

106 407 212 481 quidem
227 404 342 464 Falcidia
359 403 471 482 (laeum)
486 419 542 466 non
556 407 687 482 habente,
705 411 830 484 quoniam
845 425 900 465 non
915 407 976 482 plus
991 418 1057 483 puta

105 507 184 564 quam
205 490 363 548 dodrantem
383 494 525 550 restituere
545 501 657 566 rogatus
671 501 728 564 est,
750 510 781 549 er
797 492 966 550 Trebelliano
982 509 1057 550 sena·

105 583 149 630 tus
172 575 297 632 consulto
320 579 457 649 restituit,
479 586 509 634 ut
523 578 548 632 ei
563 585 590 632 et
604 579 631 631 in
650 591 710 632 earn
733 576 832 632 dentur
854 578 991 649 actiones,
1013 579 1057 633 eui

104 660 231 716 restituta
254 668 295 716 est
318 660 462 719 hereditas.
510 660 571 731 lege
595 666 683 714 autern
705 657 820 714 Falcidia
846 661 1057 732 interueniente,

106 745 232 816 quoniam
245 745 306 818 plus
318 744 475 801 dodrantem
486 740 529 798 uel
541 741 618 796 etiam
631 747 714 797 totam
724 741 899 799 hereditatem
912 746 1057 800 restituere

105 836 219 901 rogatus
233 821 311 894 ‘est,²
332 844 364 885 ex
379 826 524 898 Pegasiano
539 831 649 880 senatus
665 824 791 883 consulto
805 827 941 900 restituit,
964 836 994 882 ut
1011 828 1056 884 de·

105 910 187 968 dueta
200 919 276 984 parte
291 918 384 982 quarta
399 911 465 981 ipsi,
487 907 533 980 qui
549 908 668 982 scriptus
684 909 831 981 esthemo,
852 901 909 965 ’et3
923 910 951 964 in
966 911 1056 982 ipsum

105 996 225 1051 actiones
236 998 443 1063 conseruentur3
461 991 484 1046 is
496 997 594 1062 autem,
611 994 658 1065 qui
669 993 766 1066 recipit
780 992 966 1063 hereditatem,
980 992 1055 1067 lega-

105 1078 164 1134 tarii
191 1077 252 1132 loeo
279 1074 419 1130 habeatur.
469 1071 510 1132 lt.
541 1068 596 1131 4En
617 1077 764 1150 Pepasiaro
792 1086 902 1133 senatus
930 1078 1056 1133 consulto

103 1160 227 1215 restituta
249 1157 396 1214 hereditate
417 1158 557 1215 commoda
573 1168 600 1214 et
620 1160 789 1216 incommoda
805 1158 962 1217 hereditatis
984 1178 1056 1217 eom·

102 1243 272 1298 munieantur
286 1242 358 1297 inter
373 1240 500 1299 heredem
515 1252 543 1299 et
558 1258 630 1312 euin,
646 1246 689 1300 cui
704 1244 826 1318 reliquae
841 1252 932 1318 partes
947 1246 1056 1300 restitu-

103 1335 144 1382 tae
165 1332 245 1396 sunt,
268 1327 435 1398 interpositis
457 1325 676 1399 stipulationibus
699 1327 731 1384 ad
755 1327 906 1401 enernplum
930 1331 1013 1401 partis
1029 1335 1057 1384 et

101 1424 151 1483 pro
173 1416 250 1483 parte
273 1408 487 1482 stipulationum.
531 1413 616 1483 partis
632 1420 721 1469 autem
737 1419 763 1466 et
779 1427 829 1484 pro
851 1419 928 1485 parte
943 1411 1056 1485 stipula·

101 1494 191 1548 tiones
212 1494 321 1566 proprie
344 1491 486 1565 dicuntur,
509 1510 578 1566 quae
600 1493 633 1549 de
648 1494 724 1551 luero
745 1503 772 1550 et
789 1495 886 1550 damno
909 1497 1055 1552 communi-

102 1576 188 1632 cando
203 1575 293 1633 solent
308 1577 444 1650 interponi
455 1578 526 1632 inter
538 1577 663 1633 heredem
675 1586 703 1632 et
714 1577 872 1650 legatarium
889 1581 1054 1651 partiarium,

102 1660 128 1716 id
150 1667 208 1731 est,
229 1676 290 1718 cum
312 1676 366 1734 quo
388 1659 499 1734 ’partiri
520 1653 633 1718 iussus⁵
654 1669 697 1715 est
717 1660 806 1716 heres.
850 1655 892 1716 16.
916 1656 962 1717 ⁶Si
978 1661 1055 1718 heres

102 1745 256 1800 damnosam
277 1743 453 1801 hereditatem
475 1744 562 1816 dieat,
584 1747 722 1817 cogitata
737 1753 863 1818 praetore
882 1742 955 1799 adire
971 1754 998 1800 et
1013 1762 1054 1801 re·
1066 1761 1097 1810 [st

101 1829 215 1884 stituere
231 1836 329 1894 totam,
353 1829 390 1884 ita
406 1837 435 1884 ut
451 1829 476 1884 ei
492 1838 519 1885 et
540 1830 567 1884 in
583 1845 658 1899 erant,
682 1829 728 1901 qui
750 1829 846 1902 re'eipit
867 1827 1054 1900 hereditatem,

102 1912 222 1969 actiones
237 1910 348 1982 dentur,
373 1912 486 1986 proinde
503 1921 582 1986 atque
597 1915 619 1968 si
635 1929 666 1969 en
682 1911 851 1968 Trebelliano
866 1920 976 1970 senatus
991 1928 1055 1969 con·

102 1995 176 2061 sultc
196 1997 321 2052 restituta
341 1995 447 2054 luisset.
491 1996 574 2069 idque
589 2004 619 2052 ut
635 1998 672 2051 ita
694 1993 757 2068 liat,
777 1996 924 2068 Pegasiano
945 2005 1055 2052 senatus

101 2079 228 2137 consulto
244 2087 361 2136 cautum

163 2157 202 2220 1⁷.
228 2155 275 2218 ⁷Si
298 2164 358 2236 quis
376 2165 403 2218 in
426 2161 546 2218 fraudem
569 2163 673 2216 tacitam
696 2158 775 2216 ladem
798 2159 1053 2234 adcommodauerit,

0 2250 89 2318 Olafi
102 2254 208 2316 utnon
231 2248 345 2320 capienti
368 2244 603 2302 fideicommissum
625 2245 766 2314 restituat,
787 2236 857 2321 lnce
880 2243 1054 2317 quadrantem

101 2345 162 2386 eum
178 2329 311 2388 deducere
331 2338 440 2386 senatus
462 2329 581 2399 censuit,
604 2343 654 2384 nec
674 2327 803 2384 caducum
823 2327 959 2385 uindicare
973 2345 1006 2386 ex
1021 2346 1054 2386 eo

103 2421 273 2484 testamento,
289 2415 312 2470 si
327 2413 428 2470 liberos
442 2411 548 2467 haheat.

163 2495 207 2559 18,
231 2491 370 2554 8libertas
386 2496 441 2552 dari
457 2504 549 2569 potest
564 2511 613 2571 per
627 2493 873 2556 fideicommissum.

155 2716 156 2720 =
175 2681 194 2749 ¹)
210 2683 248 2747 Cf.
266 2683 322 2733 Gai.
338 2694 358 2740 2,
374 2693 420 2734 ata.
437 2683 513 2732 Paul.
527 2695 548 2742 4,
563 2693 583 2733 a.
599 2685 621 2744 ἕ.
638 2695 658 2734 1.
710 2678 731 2748 2)
746 2683 777 2732 sit
796 2684 854 2734 Vat.
870 2684 927 2733 edd.
948 2683 1052 2743 Fuerat,

100 2761 239 2816 utpotae,
255 2753 323 2817 quod
341 2769 397 2802 eam
412 2753 442 2802 ob
456 2769 564 2818 sequens
583 2768 610 2800 ex
625 2754 760 2815 periisset,
780 2755 853 2816 infra
867 2761 928 2817 port
945 2754 1053 2804 ahares

100 2825 218 2874 omissum
230 2824 303 2873 ethic
315 2825 442 2873 intrusum
450 2832 474 2872 et
484 2840 518 2873 eoe
526 2831 620 2884 rogatas
629 2823 785 2872 adhaerente
797 2824 942 2886 infrendes
954 2825 1054 2887 saetam

100 2895 190 2946 estoit.
256 2889 277 2957 Β)
292 2893 495 2951 Haereoaeavi‚
510 2895 560 2943 aid.
576 2899 627 2942 not.
642 2904 662 2942 2.
679 2891 777 2956 (et)ed.
792 2893 840 2959 Bp.
901 2891 922 2958 4)
940 2895 977 2957 Cf.
996 2895 1052 2944 Gai.

101 2978 122 3023 2,
137 2975 183 3017 ate.
204 2965 280 3015 Paul.
294 2976 315 3025 4,
330 2975 349 3014 a.
365 2966 388 3025 ξ.
404 2977 424 3014 1.
438 2979 520 3026 supra
534 2975 567 3022 14,
583 2973 616 3016 45.
682 2962 702 3028 ⁵)
718 2964 819 3025 partitus
838 2962 901 3029 (pre
915 2966 1054 3030 partirisus)

107 3036 165 3086 Vnt.
180 3036 237 3087 edd.
267 3034 320 3084 Nee
338 3049 398 3084 aero
417 3035 513 3082 delitum
532 3050 566 3083 eae
581 3034 655 3095 faeta
669 3037 813 3096 partitione
831 3035 895 3085 haee
914 3038 1053 3097 appellatio

101 3108 208 3160 dieitur.
228 3099 320 3157 ¹Sirraile
332 3107 421 3155 vitium
435 3104 486 3153 aid.
502 3105 528 3152 in
543 3116 576 3160 16,
586 3114 606 3154 u.
659 3100 680 3168 ο)
697 3104 734 3166 Cf.
752 3104 809 3153 Gal.
820 3117 841 3166 e,
851 3115 898 3156 258.
914 3105 989 3153 Paul.
999 3116 1021 3162 4,
1031 3117 1051 3155 4.

101 3179 124 3238 ἓ.
140 3190 161 3228 4.
214 3174 234 3242 ⁷)
251 3175 335 3240 ctu.
351 3187 432 3227 10.11.
451 3174 483 3223 Ι).
499 3175 530 3222 de
544 3174 584 3222 leis
599 3190 622 3236 q.
638 3181 666 3222 at
680 3175 732 3222 ind.
749 3175 793 3236 (34,
804 3173 835 3236 9).
855 3175 887 3222 L.
897 3184 929 3224 59.
946 3175 968 3232 ἓ.
980 3186 999 3223 1.
1019 3173 1051 3220 D.

102 3248 138 3295 ad
152 3250 168 3296 i.
185 3247 256 3298 Fale.
271 3245 315 3313 (tto,
332 3247 362 3312 a).
377 3245 408 3294 L.
422 3257 448 3297 48
458 3260 501 3307 pr.
517 3243 548 3292 L.
563 3256 597 3294 49.
617 3243 649 3293 Ι).
665 3244 696 3292 de
711 3245 727 3290 i.
740 3245 800 3304 fisci
814 3244 857 3306 (49,
873 3243 917 3307 14).
975 3240 996 3306 ⁸)
1013 3242 1050 3303 Cf.

101 3332 183 3379 supra
202 3329 226 3377 2,
247 3330 258 3369 t
277 3333 328 3383 seq.
365 3317 478 3368 Ceterum
503 3313 602 3363 derebus
622 3312 767 3361 rationibus
788 3320 857 3361 reete
878 3313 941 3361 haee
962 3314 1052 3375 rapula

101 3385 214 3445 breviter
228 3391 304 3437 etiam
318 3389 342 3438 la.
358 3391 374 3439 l.
389 3388 478 3439 addita
492 3386 577 3434 uideri
592 3382 678 3439 debet;
692 3385 805 3445 primum
822 3398 854 3431 ne
873 3397 923 3431 noa
939 3384 1053 3444 capienti

101 3457 149 3506 hae
164 3472 226 3506 ensa
237 3458 461 3519 fideicommissum
477 3470 551 3506 seraa
573 3455 634 3502 dari
648 3461 723 3516 pates
741 3453 785 3516 (es.
802 3452 833 3501 L.
847 3464 867 3502 4.
891 3452 915 3501 0.
930 3453 962 3501 de
976 3455 1052 3516 lepat.

102 3539 122 3586 6,
137 3526 185 3592 itt),
205 3528 298 3576 deinde
317 3530 378 3592 quia
398 3545 414 3578 a
433 3527 541 3593 sinordis
560 3524 635 3574 rebus
650 3540 699 3587 per
715 3524 935 3586 fideicommissum
954 3525 1053 3573 relictis
