2362 3938
115 191 184 245 Vill
516 186 734 243 PRAEFATIO.

118 338 208 397 Ennii
236 343 266 396 et
288 335 429 398 Horatius
457 338 617 397 satirarum
644 337 774 413 scriptor
796 333 904 394 Lucilii
932 337 1074 415 uestigiis
1100 340 1138 398 ita

120 433 204 486 erant
227 427 356 504 ingressi
379 433 412 485 ut
435 425 671 503 praeclarissima
685 440 821 502 quaeque
836 440 943 483 eorum
957 423 1026 484 loca
1048 425 1137 487 libere

118 514 340 575 aemularentur
372 531 536 592 eorumque
568 512 658 572 liores
691 510 859 572 delibarent
888 511 940 588 [cf.
970 512 1137 575 Macrobius

119 603 156 663 Vl
187 600 204 662 1
235 611 265 663 et
292 601 404 662 Gellius
432 602 444 661 l
469 599 526 682 21,
556 598 604 682 Π,
633 602 676 660 sie
702 599 823 679 Vergilii
849 602 979 661 maxime
1011 605 1137 663 carmina

121 694 172 772 qui
199 700 302 771 postea
331 691 432 770 poesis
460 691 560 768 epicae
589 691 754 750 extiterunt
782 689 913 749 cultores
945 690 1137 752 imitabantur

120 784 161 842 ita
188 789 223 841 ut
250 778 356 859 procul
383 778 481 838 habita
511 776 655 857 spoliandi
689 786 719 837 et
751 777 924 838 excribendi
958 782 1137 858 cogitatione

120 873 248 948 ingenua
280 867 476 928 aemulatione
510 884 577 927 cum
611 885 646 926 eo
679 865 791 927 uellent
824 875 949 927 certare.
997 870 1136 928 nimirum

119 956 266 1017 habebant
289 956 332 1015 illi
354 958 385 1014 in
408 954 634 1015 recitationibus
658 953 809 1014 auditores
828 972 879 1014 eos
903 957 964 1035 qui,
989 974 1062 1016 cum
1084 957 1137 1035 ipsi

120 1046 246 1105 lectione
270 1043 390 1121 Vergilii
415 1050 515 1103 essent
537 1042 644 1103 imbuti
667 1042 815 1123 diligenti,
838 1042 923 1102 facile
947 1062 1023 1105 num
1048 1045 1134 1105 lelici-

120 1143 166 1193 tcr
185 1149 279 1191 neone
294 1148 373 1190 nouo
396 1138 501 1209 poetae
526 1130 683 1191 aemulatio
706 1131 755 1190 illa
775 1133 915 1191 cessisset
929 1131 1137 1194 diiudicarent.

119 1223 218 1297 itaque
241 1219 419 1296 posterioris
442 1220 547 1278 aetatis
568 1221 669 1297 epicos
697 1237 757 1279 non
784 1220 879 1280 solum
903 1222 934 1279 in
958 1220 1136 1299 imaginibus

120 1304 390 1385 comparationibus
420 1300 616 1378 ἐπειςοδίοις
646 1311 875 1389 compositione,
905 1306 958 1368 sed
988 1312 1080 1369 etiam
1107 1312 1136 1368 in

120 1394 243 1473 singulis
267 1393 419 1455 interdum
441 1394 643 1456 locutionibus
667 1390 862 1478 (quamquam
885 1396 922 1457 dc
937 1396 994 1456 bac
1017 1398 1136 1477 quidem

120 1503 153 1544 ro
173 1482 378 1544 difficillimum
402 1492 448 1545 est
470 1480 629 1567 iudicium)
644 1483 806 1563 Vergilium
829 1504 899 1545 cum
921 1484 1016 1546 libera
1040 1504 1136 1546 aemu-

120 1574 230 1634 latione
254 1574 363 1632 imitari
386 1572 534 1634 uidemus.
562 1576 605 1634 sic
629 1591 698 1633 oum
720 1573 854 1634 Valerius
878 1592 922 1633 cx.
946 1592 990 1652 gr.
1016 1577 1047 1634 in
1071 1574 1136 1634 libri

122 1661 246 1724 secundi
270 1661 313 1739 [u.
335 1658 399 1723 174
423 1662 500 1741 squ]
531 1656 700 1746 ἐπειςοὸίςο
724 1662 851 1740 quodam
865 1662 1013 1722 Venerem
1035 1663 1136 1724 mulie·

122 1769 171 1810 res
194 1750 367 1810 Lemniacae
397 1751 467 1812 lacit
494 1753 699 1831 instigantem,
727 1758 829 1830 aperte
858 1753 994 1828 sequitur
1020 1751 1137 1830 Vergilii

123 1838 160 1915 [V
183 1836 248 1900 618
272 1837 350 1918 squ]
375 1839 607 1918 descriptionem
631 1839 821 1920 simillimam,
845 1842 903 1919 sic,
933 1858 1003 1900 curn
1026 1842 1057 1900 in
1081 1839 1136 1900 uiri

122 1927 248 1989 alicuius
277 1928 433 1988 fortissimi
470 1947 539 1989 eum
566 1927 706 1989 Lucifero
739 1930 959 2009 comparatione
992 1927 1140 2007 Vergilius

124 2016 203 2094 [Vlll
231 2012 310 2093 590]
339 2016 497 2078 adiecisset
526 2012 627 2095 ‘quem
655 2016 754 2077 Venus
787 2025 854 2077 ante
888 2017 960 2076 alios
989 2026 1137 2078 astrorum

123 2105 217 2183 diligit
249 2100 353 2184 ignes',
382 2104 516 2165 Valerius
540 2101 694 2182 [V1528]
723 2108 754 2166 in
785 2106 887 2165 eadem
917 2108 1136 2184 comparatione

123 2195 163 2252 ita
191 2210 261 2252 eum
289 2193 454 2254 aemrdatus
481 2200 585 2253 estut
612 2200 739 2271 poneret
763 2189 864 2272 ‘quem
887 2193 987 2253 Venus
1017 2194 1138 2255 inlustri

122 2279 231 2358 gaudet
253 2282 417 2359 procedere
441 2276 543 2341 oaelo’.
576 2280 684 2342 talibus
712 2284 742 2340 in
766 2282 1014 2343 aemulationibus
1038 2284 1140 2343 nescio

123 2386 159 2428 an
186 2367 288 2428 nullus
319 2376 407 2447 poeta
434 2369 586 2429 Romanus
618 2368 797 2447 prudentius
825 2379 868 2450 et,
900 2379 934 2431 ut
961 2374 1002 2431 ita
1035 2371 1140 2450 dicam,

121 2454 282 2535 pudentius
306 2474 372 2516 sese
396 2458 523 2534 gesserit
545 2457 669 2517 Valerio.
716 2457 764 2516 alii
788 2460 881 2540 enim,
909 2467 943 2520 ut
967 2459 1059 2520 Silius
1081 2458 1137 2520 tu

121 2543 210 2624 deus,
237 2544 390 2604 interdum
417 2547 505 2605 nimis
538 2547 623 2605 anxie
652 2564 685 2605 ac
713 2546 831 2628 timide,
865 2548 926 2630 alii,
954 2556 989 2609 ut
1017 2548 1140 2628 Statius,

122 2633 211 2692 nimis
252 2632 356 2692 callide
401 2651 434 2693 ac
470 2651 564 2711 paene
607 2633 812 2695 fraudulenter
848 2635 970 2715 Vergilii
1012 2639 1140 2715 uestigia

122 2728 311 2801 presseruut3
352 2729 434 2782 certe
476 2721 512 2781 de
556 2722 650 2783 Statio
692 2725 858 2784 rectissime
900 2727 995 2803 ipsius
1036 2724 1140 2785 uerbis

125 2807 241 2886 [Achill.
270 2810 283 2869 l
312 2807 369 2886 60]
399 2829 415 2870 a
442 2812 510 2871 uiro
538 2810 625 2892 docto
653 2815 817 2891 nescioquo
850 2813 964 2874 dictum
994 2821 1041 2874 est
1071 2830 1140 2874 eum

124 2897 223 2977 uulpis
255 2901 350 2960 instar
377 2899 524 2961 delenisse
557 2900 669 2980 pedum
702 2903 828 2981 uestigia
865 2902 974 2963 caudis.
1022 2910 1053 2962 et
1085 2901 1140 2961 bac

125 2987 245 3067 quidem
269 2988 362 3049 libera
390 2990 586 3051 aemulatione
611 2993 756 3071 optimum
780 3008 927 3070 quemque
950 2996 1070 3067 poetam
1098 2990 1138 3049 la·

125 3079 221 3138 tinum
244 3096 313 3138 cum
338 3078 529 3140 nobilissimis
552 3081 661 3158 prioris
689 3081 832 3158 temporis
861 3077 979 3139 uatibus
1017 3085 1136 3137 certare

124 3165 271 3227 uidemus.
304 3167 356 3227 sed
380 3170 460 3229 enim
482 3167 599 3228 labente
622 3167 733 3228 iudicio
756 3165 843 3227 simtd
866 3174 897 3226 et
918 3165 1002 3242 poesi
1025 3163 1140 3220 ultimis

125 3256 241 3332 antiqui
274 3258 340 3316 aeui
372 3254 558 3335 temporibus
586 3275 621 3315 eo
637 3257 795 3335 peruenit
826 3269 876 3313 res
903 3259 949 3328 ut,
980 3263 1048 3305 cum
1077 3245 1136 3305 bla-

124 3343 242 3401 uortius
258 3342 293 3402 de
309 3343 434 3404 ecclesia
449 3353 608 3404 centonem
621 3361 703 3403 mere
718 3340 915 3420 Vergilianum
934 3330 1139 3417 declamasset,

124 3426 275 3489 auditores
299 3449 368 3491 eum
382 3451 442 3512 non
466 3440 500 3491 ut
514 3434 611 3492 iurem
624 3428 913 3509 impudentissimum
935 3419 1139 3506 exsibilarent,

123 3513 176 3571 sed
208 3524 242 3573 ut
273 3516 441 3598 Maronem,
478 3521 504 3578 si
540 3519 586 3577 dis
622 3518 730 3597 placet,
767 3515 914 3574 iuniorem
947 3509 1139 3574 celebrarent
