2376 3938
386 186 515 242 OBITUS
533 186 755 245 ALEXANDRI.
854 243 857 256 ‚
1012 190 1075 254 115

62 347 153 412 hisce
177 368 247 411 esse
270 349 420 413 omnibus
440 349 628 433 adfluentes,
651 371 732 433 quae
756 349 822 414 sint
845 351 885 415 ad
904 352 1075 417 beatitudi-

63 458 140 501 nem
164 437 357 502 necessaria.
398 437 500 502 Addis
519 441 686 521 praeterea
709 439 982 521 operaepretium
1004 462 1075 506 oon-

63 524 199 589 sidcrari
222 525 502 610 militantibusque
531 529 681 610 oportere
705 527 777 606 [aa]
801 527 863 610 uti,
890 549 930 592 ne
952 528 1075 594 frustra

62 613 237 678 laboretur.
283 612 407 687 Quibus
431 614 581 679 omnibus
609 614 718 693 doces,
745 614 831 697 quod
858 636 918 680 nos
947 638 1074 700 quoque

63 702 202 765 alacrius
231 701 272 765 ad
300 723 358 765 vos
385 703 517 767 tendere
545 702 734 786 debeamus,
760 702 845 767 unde
871 703 967 768 nobis
994 705 1108 769 haece

64 793 188 873 cuncta,
212 811 294 872 quae
318 791 397 855 adeo
417 812 475 855 vos
494 789 698 874 praedicatis,
720 792 924 857 accesserint.
955 791 1075 858 Fateor

63 879 150 942 enim
173 877 255 941 nihil
279 899 349 942 esse
369 878 501 943 Graecis
521 878 689 962 eiusmodi,
711 901 849 963 quorum
871 901 929 945 vos
952 881 1073 946 divitiis

62 966 257 1051 gloriamini,
281 969 377 1049 atque
400 968 519 1033 idcirco
542 966 724 1052 indigentes
744 969 914 1033 meliorum
938 991 957 1034 a
982 969 1073 1035 vobis

61 1059 173 1139 petere
201 1055 390 1119 necessaria.
435 1056 520 1120 Illud
547 1078 623 1122 vero
654 1056 840 1137 ridiculum,
872 1060 909 1121 ut
938 1079 1012 1122 cum
1040 1061 1073 1122 te
1091 1067 1119 1117 8.

61 1142 266 1207 homunculis
289 1143 465 1228 praeferas,
487 1149 556 1208 tum
580 1145 641 1208 diis
664 1165 792 1229 quoque
816 1145 977 1228 potiorem
1001 1164 1113 1212 esse1⁰

61 1231 265 1314 pronunties,
293 1231 379 1314 quod
408 1233 442 1296 ni
472 1233 599 1297 adesset
622 1233 741 1297 litteris
769 1234 848 1316 tuis,
875 1233 910 1297 in
936 1234 1072 1320 reliquis

61 1319 179 1384 fiducia
208 1318 410 1383 fortitudinis
440 1321 504 1385 dici
534 1325 660 1405 posset3
692 1321 846 1405 quoniam
876 1344 954 1389 vero
983 1324 1073 1389 hisce

61 1429 129 1472 non
147 1410 320 1491 temperas,
337 1409 503 1474 temeritas
522 1409 634 1493 utique
653 1413 703 1474 est
720 1410 940 1493 intelligenda.
966 1411 1073 1487 Quare

62 1495 158 1559 sicuti
187 1495 249 1559 tibi
278 1498 496 1562 constantiam
525 1497 621 1582 fingit
650 1497 705 1561 ille
736 1501 954 1583 contemptus,
983 1500 1073 1564 velut

61 1605 172 1647 earum
195 1582 326 1648 fortuna
345 1587 490 1670 gentium
514 1586 647 1649 minime
667 1606 826 1667 moveare,
849 1606 930 1669 quae
954 1589 1030 1651 sunt
1053 1605 1112 1650 alo

59 1672 158 1735 nobis
176 1670 262 1736 bello
286 1677 467 1756 superatae,
489 1675 536 1738 ita
559 1695 618 1737 nos
638 1694 764 1757 quoque
783 1672 921 1737 nihilum
940 1673 1072 1738 omnino

59 1758 198 1824 terrebit
219 1761 390 1826 verborum
413 1763 479 1827 ista
498 1761 750 1845 magnificentia,
772 1782 854 1844 quae
877 1761 1072 1828 temeritatis

59 1851 187 1913 vestrae
210 1848 307 1913 index
329 1850 439 1932 potius
462 1855 513 1915 est
536 1872 633 1934 quam
656 1847 881 1913 fortitudinis?

150 1935 184 2002 6.
222 1936 282 2001 His
310 1938 404 2003 lectis
428 1939 531 2003 Porus
559 1938 600 2002 ad
628 1937 705 2015 belli
733 1936 840 2001 studia
866 1937 1071 2003 incitabatur.
1089 1942 1137 1997 ΙΙΙ.

59 2022 158 2108 Cogit
185 2045 262 2109 ergo
291 2027 467 2091 exercitum
500 2029 533 2092 et
565 2048 662 2111 quam
691 2025 848 2109 plurimos
881 2025 1071 2109 elephantos
1091 2017 1116 2068 9.

59 2116 229 2197 ceteraque
248 2133 368 2197 genera
391 2116 583 2199 bestiarum,
607 2115 724 2199 quibus
743 2113 815 2178 Indi
839 2114 1110 2198 commilitant321

58 2206 236 2284 contraque
260 2223 316 2266 eos
340 2202 552 2268 Macedonum
576 2207 608 2269 et
631 2201 804 2267 Persarum
827 2201 940 2268 aderat
961 2202 1072 2267 multi·

57 2290 146 2354 tudo.
191 2289 367 2356 Enimvero
395 2313 467 2355 cum
493 2292 568 2357 illos
597 2290 673 2355 Pori
699 2312 851 2356 numeros
879 2289 1070 2356 Macedones

56 2379 262 2443 intuerentur
288 2401 415 2463 unaque
438 2379 490 2444 his
514 2379 635 2445 bestias
658 2382 869 2464 memoratas,
897 2379 1070 2444 admodum

58 2468 166 2530 animo
190 2467 313 2531 turbari
332 2489 473 2552 coepere,
496 2468 584 2533 haud
603 2467 699 2531 dubie
718 2466 935 2532 cunctabundi
959 2468 1000 2533 ob
1023 2468 1069 2532 in·
1084 2485 1111 2526 ar

58 2554 233 2619 solentiam
257 2555 414 2621 eiusmodi
437 2556 569 2640 proelii,
598 2555 682 2639 quod
710 2577 775 2620 una
802 2559 889 2621 esset
917 2577 990 2620 oum
1013 2556 1070 2621 ho-

57 2641 200 2706 minibus
224 2644 372 2708 barbaris
396 2648 429 2708 et
452 2645 634 2729 omnigenis
657 2643 772 2709 bestiis
797 2644 996 2728 agitandum.
1032 2643 1070 2708 Id

58 2730 159 2793 animi
183 2752 293 2795 eorum
322 2755 388 2797 non
416 2733 500 2797 clam
523 2731 743 2798 Alexandrum
769 2731 841 2797 fuit.
886 2731 972 2797 Nam
999 2732 1069 2816 ipse

58 2839 187 2902 quoque
216 2841 355 2884 unacum
385 2821 565 2908 bestiarum
597 2821 662 2884 ista
692 2820 839 2884 novitate
870 2821 1070 2885 movebatur.

148 2906 303 2983 Quaesita
335 2929 412 2993 crgo
444 2909 522 2973 belli
552 2909 695 2991 ratione,
727 2907 982 2973 comminiscitur
1012 2929 1070 2990 per
1088 2917 1132 2967 10.

56 2995 226 3078 astutiam,
256 3019 319 3080 quo
350 2997 479 3062 demum
507 3018 624 3082 genere
654 2995 756 3060 averti
786 2998 900 3078 posset
928 2995 1068 3077 impetus
1083 3015 1107 3053 ει

147 3187 225 3240 lhis
246 3187 280 3240 P.
336 3193 356 3240 2'
372 3204 454 3256 opere
473 3189 509 3243 A.
543 3184 681 3242 consideri
699 3186 734 3239 A.
791 3182 1014 3265 Bmilitantilrus
1033 3182 1068 3238 A.

54 3257 96 3310 ita
114 3258 222 3312 addidi.
242 3259 276 3324 cf.
292 3263 462 3326 p.126‚28.
499 3257 611 3326 4quod
621 3257 656 3310 A.
675 3271 731 3324 quo
741 3255 774 3309 P.
812 3254 919 3309 tadeo
938 3255 1024 3307 otram
1035 3254 1068 3310 P.

55 3328 204 3381 avaron.
229 3344 295 3397 ergo
307 3329 339 3382 P.
395 3334 428 3382 12
446 3328 524 3383 hisce
534 3327 569 3381 A.
578 3328 612 3382 P.
632 3325 668 3381 ab
686 3326 781 3380 hisce?
833 3331 865 3379 13
884 3324 1023 3392 temperat
1032 3326 1068 3377 A.

144 3399 174 3454 6.
195 3404 230 3453 21
250 3397 430 3453 conmilitant
447 3399 482 3453 A.
512 3398 639 3452 militant
658 3397 692 3449 P.
747 3402 781 3450 23
800 3394 865 3450 Pori
883 3410 1013 3449 numeros
1032 3393 1067 3450 A.

55 3484 104 3536 per
122 3468 327 3524 innumerosP.
378 3476 413 3525 24
431 3485 543 3537 unaque
555 3470 589 3524 P.
608 3483 664 3522 una
673 3469 709 3524 A.
734 3467 833 3520 bestiis
853 3465 1022 3520 memoratos
1031 3464 1067 3521 A.
1131 3479 1136 3489 ·

56 3543 90 3591 27
110 3540 265 3609 omnigenis
284 3542 320 3596 A.
349 3539 514 3611 omnigenus
534 3541 566 3596 P.
640 3544 674 3594 30
692 3554 743 3607 per
761 3554 812 3593 om.
832 3538 866 3592 P.

870 3624 908 3679 8*
