2362 3938
208 161 385 217 EPISTOLA
403 161 617 217 ALEXANDRI
635 163 685 217 AD
705 163 968 221 ARISTOTELEM.
1028 165 1094 231 205
1146 129 1147 134 ¹

82 329 203 411 quanto
227 326 420 408 patientiam
449 325 682 391 immortalium
712 328 744 390 et
771 348 864 392 sacra
886 330 1095 411 praeterirem

82 414 229 497 vestigia.
284 413 408 489 Quibus
438 413 608 479 honoratis
639 415 894 500 collaudatisque
929 417 1094 482 sinistram

81 506 208 587 partem
238 501 349 567 Indiae
377 503 574 585 perscrutari
603 503 747 587 institui,
777 524 818 568 ne
848 504 925 588 quid
954 505 1034 570 mihi
1061 506 1095 570 in

82 591 204 678 ignotis
228 590 310 655 locis
335 589 591 676 subtraheretur,
619 591 703 657 Poro
732 613 798 656 non
826 592 1031 672 detrahente,
1053 617 1094 659 ne

82 680 192 744 abdita
216 679 379 743 videretur
401 682 512 763 tegere
535 681 627 764 regni
651 681 701 744 sui
724 680 819 745 bona.
1108 703 1121 744 s

170 768 270 832 Palus
298 771 369 832 erat
396 768 481 832 sicca
505 770 537 832 et
560 790 664 834 canna
687 769 866 835 abundans.
912 768 975 834 Per
996 791 1095 854 quam

81 858 157 921 dum
181 857 356 920 transitum
379 860 627 939 temptaremus,
653 857 751 921 belua
773 857 850 922 novi
872 859 999 943 generis
1023 879 1095 942 pro·

83 945 192 1028 silivit‚
217 966 298 1028 quae
323 948 446 1009 serrato
466 948 561 1029 tergo
581 946 719 1010 alterum
739 949 836 1028 caput
853 945 971 1012 habuit
990 946 1095 1012 simile

81 1035 331 1119 hippopotamo,
359 1039 492 1117 pectora
520 1033 685 1099 crocodilli
708 1054 838 1119 gerens,
867 1036 1004 1100 alterum
1032 1036 1095 1100 ele·

82 1124 197 1206 phanti
217 1122 422 1186 simillimum
441 1121 530 1186 duris
546 1122 707 1187 munitum
721 1127 820 1207 caput
834 1123 993 1208 dentibus,
1012 1145 1094 1209 quac
1109 1146 1135 1186 ιο

82 1212 162 1275 duos
186 1211 308 1274 milites
328 1211 497 1292 repentino
517 1211 636 1275 occidit
658 1234 722 1275 uno
745 1211 822 1277 ictu.
860 1211 963 1288 Quam
983 1213 1096 1278 ferreis

82 1300 136 1363 vix
159 1321 314 1384 umquam
338 1297 586 1364 comminuimus
610 1300 750 1383 malleis,
780 1323 876 1385 quam
903 1301 1007 1366 hastis
1030 1324 1096 1367 non

82 1389 270 1453 valebamus
293 1387 496 1469 transfigere.

172 1476 336 1540 Admirati
351 1477 430 1540 satis
445 1477 563 1560 diuque
577 1476 757 1541 novitatem
767 1477 971 1560 pervenimus
982 1478 1096 1542 deinde

84 1566 123 1629 ad
148 1565 249 1630 silvas
268 1563 424 1629 Indorum
443 1565 584 1630 ultimas.
621 1563 688 1629 Ubi
706 1565 782 1629 dum
801 1569 909 1629 castra
926 1586 984 1648 per
1003 1566 1093 1649 quin·
1109 1585 1136 1628 1⁵

84 1654 240 1738 quaginta
264 1653 299 1717 in
317 1653 452 1737 longum
472 1653 578 1717 stadia
601 1656 634 1716 et
656 1654 691 1716 in
713 1654 817 1716 latum
835 1674 893 1737 per
911 1653 1029 1738 viginti
1049 1654 1095 1719 lo·

84 1763 262 1824 cassemus,
288 1742 378 1805 iuxta
401 1763 530 1806 amnem
553 1740 683 1806 Buebar
706 1762 914 1824 coeperamus
938 1742 1020 1806 velle
1044 1764 1093 1807 so-

83 1832 192 1913 porari
213 1830 272 1894 sub
291 1852 374 1912 pura
395 1834 491 1895 nocte
508 1830 591 1894 hora
609 1830 672 1893 diei
691 1829 869 1914 undecima,
892 1851 965 1894 cum
984 1831 1093 1895 subito

83 1920 292 2003 pabulatores
307 1919 548 2003 lignatoresque
566 1918 742 1982 exanimati
762 1940 873 1983 omnes
889 1917 1095 2002 advenerunt,

84 2009 180 2072 simul
203 2007 407 2090 nuntiantes,
429 2010 467 2071 ut
491 2007 624 2071 celerius
649 2029 739 2072 arma
762 2027 962 2090 caperemus,
985 2007 1094 2072 venire
1108 2029 1135 2069 ro

84 2252 152 2305 mini
181 2252 256 2306 esset
283 2251 465 2318 temptandus
490 2251 849 2320 praestantissimorumque
875 2251 991 2306 deorum
1015 2254 1096 2306 tanto

84 2322 220 2377 maiorem
244 2339 289 2376 me
304 2323 380 2404 ‘ipsis
399 2322 472 2404 velle
491 2322 592 2390 videri,
617 2339 712 2405 quam·
724 2323 753 2376 in
775 2322 1097 2403 patientiutmortalium

85 2396 342 2518 rusticulus?
365 2393 633 2518 lttttlhdon.
662 2393 893 2533 {abiistis
912 2399 1097 2519 sauss:

84 2538 159 2588 retur
179 2536 217 2589 H.
256 2541 271 2588 6
291 2535 374 2588 Palus
394 2541 455 2587 erat
473 2534 547 2588 sicca
565 2535 610 2588 cit.
629 2535 661 2588 tn
681 2534 803 2591 Gramm.
822 2536 887 2591 Lat.
907 2537 946 2590 ed.
966 2536 1040 2591 Kat.
1065 2535 1097 2591 V.

83 2623 147 2676 pap.
163 2609 228 2660 586.
275 2611 372 2658 'lcum
390 2605 508 2658 transire
527 2606 729 2672 temptaremus
748 2606 787 2659 Η.
813 2605 956 2675 prosilivit
974 2626 1004 2660 ω.
1033 2623 1097 2675 pro·

86 2676 163 2730 siluit
184 2676 257 2731 off.
330 2678 472 2730 8serrato
492 2675 521 2729 0.
556 2677 647 2731 serato
666 2676 701 2730 L.
734 2694 762 2732 sc
781 2677 854 2731 irato
873 2678 909 2732 B.
917 2678 961 2731 M.
992 2678 1097 2732 ferrato

88 2746 206 2801 (ΜΗ.
233 2752 296 2815 post
312 2746 416 2814 ‘tergo'
432 2748 530 2801 inserit
539 2747 592 2802 Η..·
612 2747 678 2803 ‘duo
693 2745 790 2817 capita
802 2748 929 2802 habens?
963 2746 1097 2819 alterum]

84 2836 169 2871 unum
189 2817 228 2871 Η.
265 2817 365 2870 habuit
389 2817 419 2870 V.
444 2818 527 2871 lunae
547 2817 613 2873 ono.
637 2817 753 2873 leaenae
772 2817 812 2873 H.
849 2817 940 2871 simile
961 2817 1036 2873 VH.
1061 2818 1097 2870 si-

85 2888 159 2942 milis
170 2894 216 2943 cat.
255 2891 402 2956 9pectora
412 2887 443 2942 V.
451 2889 494 2941 M.
504 2887 537 2941 G.
557 2887 697 2958 pectusL.
717 2891 888 2956 pectorecet.
908 2887 1053 2956 elephanti
1066 2888 1096 2942 V.

86 2975 136 3013 om.
155 2965 201 3013 cet.
242 2964 274 3012 10
294 2975 365 3026 quae
378 2959 405 3013 0.
425 2959 501 3026 quod
512 2980 541 3013 ω.
561 2959 637 3027 quod
651 2962 736 3028 caput
745 2958 785 3014 H.
832 2964 864 3012 11
883 2959 967 3082 duos&
985 2961 1098 3011 centum

87 3032 115 3083 et
133 3031 201 3084 duos
222 3029 250 3083 0.
279 3046 335 3084 uno
354 3030 473 3085 ΒΕΘ.
496 3046 546 3084 om.
562 3034 609 3083 cet.
652 3032 687 3083 14
705 3028 808 3098 diuque
823 3049 852 3082 ω.
877 3045 926 3083 om.
966 3029 1011 3082 .P.
1040 3026 1097 3080 Ad·

87 3098 180 3154 mirati
198 3104 292 3155 autem
312 3118 405 3154 sumus
424 3101 472 3154 diu
490 3099 646 3155 novitatem
665 3099 724 3153 eius
743 3101 781 3154 H.
824 3104 858 3153 15
877 3098 956 3169 dum]
977 3115 1040 3151 cum
1058 3099 1097 3152 H.

89 3177 119 3224 16
139 3171 168 3224 in
186 3169 278 3226 latum
296 3188 347 3240 per
365 3170 467 3240 viginti
486 3171 654 3226 locassemus
665 3169 694 3224 0.
701 3171 733 3225 P.
762 3169 852 3224 latum
871 3169 929 3223 fere
949 3169 1097 3224 collocavi·

86 3257 145 3296 mus
160 3247 207 3297 cet.
272 3247 304 3294 17
324 3243 434 3296 Buebar
443 3263 472 3296 ω.
480 3242 509 3296 0.
539 3241 705 3295 BuemarH.
735 3240 857 3310 Bylebar
866 3241 898 3293 P.
931 3239 1057 3308 soporari
1067 3260 1095 3295 ω.

87 3312 196 3380 operari
218 3312 249 3367 V.
279 3314 387 3381 epulari
410 3312 437 3367 0.
520 3318 552 3366 18
571 3328 642 3380 pura
665 3327 715 3367 om.
740 3311 768 3367 G.
853 3317 885 3365 19
903 3310 1097 3381 pabulatores]

88 3383 280 3450 pervolatores
300 3384 328 3438 0.
367 3383 518 3437 exanimati
536 3383 565 3437 0.
590 3383 620 3437 et
638 3383 793 3437 animantia
811 3403 841 3436 ω.
865 3384 895 3437 et
913 3381 1098 3435 animantium

87 3454 215 3509 custodes
241 3454 272 3508 V.
298 3455 437 3509 exanimes
456 3455 494 3509 Η.
532 3454 707 3509 advenerunt
726 3453 754 3508 0.
787 3469 838 3509 om.
858 3459 904 3509 cet.
976 3459 1011 3507 20
1029 3471 1098 3508 nun·

87 3524 201 3597 tientes]
222 3525 403 3580 advenientes
421 3524 590 3580 nuntiabant
607 3524 646 3578 H.
