2362 3938
63 195 86 260 4
494 194 603 250 LIBER
621 197 641 250 Ι.

63 363 101 424 nt
131 379 246 444 queam
253 409 262 443 ,
292 379 332 423 ne
363 357 438 442 quid
467 357 507 422 de
534 357 675 423 divortio
703 358 941 424 formidaveris.
988 358 1078 434 Quod

63 448 127 513 etsi
150 447 246 532 foret,
275 447 396 512 vindex
418 446 506 512 facto
529 468 596 512 non
620 446 767 513 deesset'
812 446 1006 529 ‘Quanam'
1035 449 1079 512 in-

63 535 135 622 quit
157 534 343 622 Olympias,
365 534 418 601 ‘id
440 533 637 601 facultate?
684 533 797 611 ‘Quod
824 534 940 620 enim,’
965 535 1079 600 Necta-

63 625 170 691 nabns
197 623 310 708 refert,
339 624 455 689 ‘fatale
482 624 544 688 tibi
572 626 622 688 est
649 623 825 688 secundum
852 624 953 705 hanc,
984 647 1079 709 quam

38 713 168 795 criden,
183 715 366 800 genituram
386 712 514 778 misceri
530 712 590 776 deo
611 733 692 796 eque
710 713 775 777 isto
791 712 962 796 gravidam
976 713 1080 777 filium

63 803 301 869 nutricatursm
319 802 459 865 ultorem
478 801 632 885 omnium,
651 801 678 865 si
703 822 785 885 quoe
803 802 839 865 in
857 804 890 866 te
907 799 1080 885 Philippus

65 888 217 957 audebit?
250 890 333 955 Tum
352 890 421 953 ills:
442 887 499 954 ‘Et
518 889 666 973 cuinsm,'
685 889 803 974 inquit,
821 888 893 954 ‘deo
913 889 954 954 sd
972 894 1079 954 torum

64 978 217 1046 debeor?
258 977 453 1061 Respondit:
478 975 646 1043 ‘Ammoni
669 977 799 1062 Libyco.
841 976 874 1042 Is
899 982 1008 1042 autem
1033 983 1081 1043 est

63 1065 200 1133 fluvius!
236 1066 287 1131 De
305 1069 421 1150 aetate,
445 1087 508 1149 quo
526 1066 652 1151 visitur,
674 1068 802 1149 quaerit.
837 1067 994 1131 Iuvenum
1013 1088 1079 1131 esse

24 1175 50 1214 ro
64 1155 236 1220 renuntiat.
266 1154 315 1218 De
330 1154 412 1218 facie
427 1153 612 1219 sciscitatur
625 1158 659 1218 et
672 1155 770 1221 cultu.
799 1152 924 1220 Onnum
940 1157 1080 1220 caesarie

64 1241 142 1308 dicit
157 1246 190 1307 et
204 1263 258 1307 ore
273 1241 506 1327 proelepidum‚
520 1243 722 1326 temporibus
736 1246 846 1308 tamen
863 1246 959 1326 atque
973 1243 1080 1309 fronte

64 1331 175 1397 arietis
194 1331 345 1398 cornibus
366 1334 561 1415 asperatum.
605 1330 746 1415 ‘Quare'
765 1332 880 1415 inquit,
902 1331 1080 1415 ‘paraveris

62 1424 110 1505 te,
132 1420 223 1485 velut
246 1418 375 1483 feminis
399 1441 470 1483 mos
494 1423 544 1482 est
567 1421 600 1481 et
622 1421 755 1502 reginae
780 1420 931 1484 decorum
955 1425 1018 1505 est,
1042 1421 1081 1486 sd

64 1508 287 1574 huiuscemodi
310 1507 451 1592 nuptias.
485 1506 622 1572 Videbis
647 1507 733 1572 enim
758 1510 791 1573 et
814 1508 978 1572 somnium
997 1511 1081 1573 etin

24 1614 50 1656 1⁶
65 1599 191 1663 somnio
215 1596 346 1682 nuptias
369 1596 431 1661 tibi
454 1595 581 1662 futuras
608 1616 678 1660 esse
701 1616 774 1661 oum
799 1595 879 1662 deo?
926 1595 979 1661 Ad
1003 1598 1081 1661 haec

64 1686 135 1752 ills:
159 1683 266 1773 ‘Ego'
289 1686 404 1772 inquit,
427 1683 601 1750 ‘somnium
620 1686 648 1750 si
667 1684 845 1767 somnisbo‚
869 1707 936 1749 non
960 1686 1026 1750 iam
1049 1690 1080 1750 te

64 1780 101 1839 ut
125 1796 222 1861 mago
246 1779 333 1859 utor,
358 1776 522 1853 enimvero
547 1773 598 1837 dei
621 1773 744 1838 honore
768 1773 968 1838 venerabor?

155 1861 190 1932 4.
219 1864 415 1950 Progressus
435 1863 508 1928 inde
523 1860 732 1927 Nectanabus
751 1883 855 1946 nequc
874 1868 1031 1946 oppertus
1049 1863 1082 1927 in
1100 1871 1120 1925 V

66 1957 183 2035 tempus
197 1953 332 2037 longum
346 1952 464 2016 herbas
481 1974 519 2015 ex
535 1950 670 2014 scientis
685 1950 866 2031 quaeritari
881 1953 1081 2016 somniorum

25 2040 203 2123 simpatia
225 2040 434 2104 necessarias.
479 2037 603 2113 Quibus
632 2036 753 2117 carptis
781 2041 880 2117 atque
907 2037 942 2099 in
967 2061 1082 2104 sucum

64 2127 185 2209 pressis
217 2125 343 2210 effigiat
374 2146 413 2188 ex
445 2145 519 2188 cers
549 2121 777 2201 corpusculum
811 2121 951 2185 feminae
988 2129 1084 2209 eique

63 2232 183 2277 nomen
205 2212 337 2295 reginae
361 2231 433 2274 oum
457 2206 696 2288 adscripsisset,
725 2206 879 2270 lectulum
902 2209 1009 2273 eidem
1032 2215 1082 2276 fa-

63 2298 218 2382 bricatur,
236 2297 288 2363 oui
311 2296 369 2360 ills
384 2295 507 2379 effigies
522 2293 755 2375 supraponitur
768 2293 923 2377 iuxtaque
937 2297 1083 2367 lucernis

63 2384 205 2452 incensis
233 2404 345 2449 sucum
372 2381 544 2447 herbarum
572 2380 756 2464 potentium
780 2382 987 2466 superfundit
1015 2411 1084 2454 car-

23 2489 203 2559 semenque
221 2471 301 2536 dioit
320 2469 432 2536 efficax
456 2471 489 2532 et
512 2472 681 2553 secretum,
704 2491 767 2553 quo
787 2471 938 2536 effectum
961 2481 1022 2562 est,
1045 2484 1083 2543 ut

88 2559 220 2647 uidquid
247 2557 301 2624 ille
330 2556 529 2623 simulamini
557 2579 648 2624 cereo
676 2558 889 2643 loquebatur,
920 2562 954 2627 id
985 2587 1084 2631 omne

63 2582 134 2716 bri
157 2647 220 2714 sibi
239 2645 354 2730 regius
378 2644 422 2710 sit
441 2646 576 2729 opinata
593 2668 651 2730 per
669 2649 841 2714 somnium.
874 2648 976 2716 Videt-
995 2655 1083 2720 enim

63 2756 99 2802 se
125 2737 158 2802 iu
183 2733 405 2819 complexibus
431 2732 491 2817 dei,
517 2756 598 2819 quos
624 2733 694 2799 fore
718 2758 792 2800 cum
814 2738 976 2803 Ammone
998 2743 1085 2807 dixe-

62 2828 125 2901 rut,
147 2829 285 2909 post-quo
307 2822 493 2907 complexus
516 2821 611 2887 risum
636 2823 700 2887 sibi
719 2823 906 2907 loquentem
926 2829 1085 2908 audierat,

22 2927 51 2972 es
63 2908 186 2978 iustruu
206 2933 241 2978 sc
260 2914 291 2975 ot
307 2914 399 2975 uteru
414 2930 547 2995 grauem
566 2914 598 2975 et
617 2910 777 2975 edituram
791 2913 954 2979 vindicem
968 2917 1084 2984 filium.

64 2995 176 3086 Sumit
202 3019 280 3085 cup>
305 2997 344 3064 de
363 2998 483 3066 lortulo
503 3002 536 3065 st
555 2998 715 3063 admiratu
733 3001 854 3065 somnii
872 3004 1082 3072 maiestatem
1102 3024 1120 3078 t

152 3264 170 3316 r
190 3258 396 3334 bretu1tbtut
433 3266 450 3315 t>
470 3261 511 3315 lu
524 3258 630 3314 sucu,
650 3258 761 3323 miserit
775 3260 882 3314 addidi.
921 3270 954 3316 11
969 3267 1082 3340 tamen]

62 3328 174 3388 rouen
190 3335 219 3390 ἲ,
294 3336 327 3386 lt
346 3328 372 3387 si
389 3331 489 3386 intristi
506 3346 539 3385 er
557 3328 697 3397 spuma.
771 3334 803 3381 11
823 3329 960 3386 honorem
979 3341 1007 3389 τ.

152 3397 183 3460 t·
219 3407 252 3458 rr
276 3403 389 3473 retusus
414 3400 520 3458 enituit.
555 3398 674 3468 quisque
700 3397 784 3460 fem
812 3398 919 3454 b'ttcrus
943 3421 1000 3458 oron
1027 3408 1084 3476 iepr'

62 3466 92 3522 te
111 3471 140 3524 ἲ,
202 3476 239 3528 ts*
257 3471 287 3529 iu
304 3472 429 3544 scepsius*
446 3487 480 3527 er
496 3469 585 3539 b'prt„
603 3482 653 3521 rw.
672 3469 700 3518 ἲ,
762 3472 798 3520 88
816 3471 981 3537 ministerus
998 3476 1083 3547 Epir,

60 3538 257 3611 succussus
274 3548 303 3599 t
375 3548 407 3597 tl
428 3541 518 3597 suuni
536 3533 715 3604 xssgisrsum
733 3539 761 3588 t.
