2362 3938
120 202 172 256 xn
273 174 291 184 “
519 204 733 260 palasano.

121 387 184 449 quo
217 366 344 432 facilius
378 368 572 453 scripturam
602 366 789 432 inferiorem
821 367 928 449 legere
961 364 1130 453 possent?

120 451 255 518 Utinam
280 459 455 542 antequam
479 456 558 522 folia
582 477 658 521 suco
682 456 862 539 pernicioso
882 477 1012 538 pessum
1031 456 1133 538 daret,

119 541 194 606 Iulii
217 542 342 608 Valerii
370 546 489 610 librum
514 545 688 628 diligenter
712 544 1009 609 transscribendum
1033 548 1131 628 atque

121 633 285 715 exemplar
308 634 556 718 transscriptum
580 634 615 696 in
638 632 839 698 bibliotheca
861 631 1055 697 Tauriuensi
1079 634 1131 697 de·

120 721 304 801 ponendum
329 725 486 787 curasset}
529 719 590 786 sed
614 721 690 805 quid
710 742 791 800 eum,
815 719 870 805 qui
889 721 981 785 libris
1005 744 1132 786 conser-

121 809 234 873 vandis
259 832 278 873 a
301 830 376 894 rege
399 810 605 895 praepositus
630 811 729 893 esset,
756 808 863 873 facere
888 809 1026 894 deceret,
1051 811 1131 875 adeo

120 917 185 961 non
216 898 374 962 intellexit
402 902 459 963 aut
488 897 650 981 meminit,
679 900 717 960 ut
745 897 814 981 ipse
843 897 985 961 codicem
1014 900 1134 963 summi

119 985 216 1069 pretii
240 986 415 1052 maximam
438 991 564 1071 partem
588 986 708 1050 deleret
736 1007 773 1049 ac
797 985 875 1049 satis
899 986 1034 1050 haberet
1056 1010 1133 1070 pau-

120 1094 230 1137 corum
251 1075 392 1157 capitum
407 1077 572 1159 exemplar
586 1073 844 1157 transscriptum,
863 1074 1052 1156 pauciorum
1067 1077 1133 1140 col-

120 1161 276 1226 lationem
300 1160 387 1228 Maio
416 1164 553 1229 mittere.
600 1161 660 1238 Qui
685 1183 783 1245 quam
806 1161 1017 1246 neglegenter
1044 1165 1133 1228 incu-

119 1250 268 1333 rioseque
292 1252 346 1331 eis,
370 1273 451 1336 quae
470 1274 489 1316 a
507 1251 655 1335 Peyrone
674 1253 850 1333 acceperat,
874 1271 950 1314 usne
970 1251 1022 1334 sit,
1045 1252 1133 1316 infra

119 1342 305 1422 exponetur.

209 1425 344 1492 Crimini
362 1428 463 1512 igitur
482 1427 630 1492 dandum
643 1430 692 1491 est
710 1448 782 1491 oum
801 1425 951 1509 Peyroni,
973 1430 1044 1490 tum
1063 1427 1131 1492 An-

42 1563 44 1570 ,
120 1516 193 1599 gelo
211 1515 309 1599 Maio,
333 1517 362 1581 ei
385 1517 458 1600 ipsi,
482 1517 536 1602 qui
555 1516 677 1601 primus
697 1515 817 1579 Iulium
831 1513 998 1579 Valerium
1023 1515 1133 1600 edidit,

121 1603 205 1687 quod
234 1605 331 1688 longe
362 1605 504 1689 optimus
522 1602 630 1669 'huius
661 1603 830 1686 scriptoris
861 1603 960 1668 codex
989 1605 1135 1689 graviter

120 1697 290 1776 corruptus
318 1700 377 1760 est.
426 1693 512 1760 Nam
541 1715 622 1779 quae
651 1693 835 1758 etiamnunc
863 1692 898 1755 in
926 1714 964 1756 eo
994 1695 1134 1775 exstant,

121 1803 159 1845 ea
183 1781 374 1847 difficillima
402 1787 480 1849 sunt
503 1783 599 1848 lectu.
644 1782 719 1866 Ipse
746 1781 878 1846 ineunte
900 1780 962 1846 hoc
986 1803 1070 1848 armo
1094 1782 1134 1845 li-

120 1871 215 1935 brum
238 1870 469 1937 Taurinensem
494 1871 561 1937 adii
584 1875 625 1955 et,
648 1870 754 1955 quoad
779 1869 908 1954 quidem
931 1870 996 1955 legi
1019 1869 1134 1954 possit,

121 1962 269 2023 excutere
291 1960 408 2026 studui.
438 1960 546 2045 Atque
566 1963 696 2025 exstant
716 1958 821 2024 adhuc
839 1959 917 2024 folia
939 1960 1066 2043 integra
1081 1961 1132 2043 35,

45 2044 48 2049 ’
120 2048 201 2111 folia
224 2049 393 2113 dimidiata
418 2049 446 2129 7,
473 2050 583 2113 omnia
606 2049 692 2112 sucis
716 2047 816 2112 acidis
841 2048 952 2113 tincta.
998 2047 1137 2112 Videtur

120 2138 227 2198 autem
256 2133 383 2218 Peyron
412 2137 453 2200 ad
481 2137 675 2219 scripturam
705 2134 890 2198 inferiorem
920 2136 1133 2200 revocandam

120 2221 255 2285 diversis
279 2224 526 2288 medicamentis
549 2245 627 2287 usus
651 2243 730 2286 esse.
773 2220 859 2286 Nam
882 2221 1035 2286 foliorum
1060 2223 1133 2286 aliis

120 2310 209 2374 color
234 2313 283 2373 est
301 2310 422 2392 viridis,
446 2311 521 2374 aliis
540 2311 719 2392 caeruleus,
741 2309 846 2372 multa
864 2308 953 2386 folia,
976 2330 1048 2373 cum
1067 2309 1133 2374 nisi

119 2419 183 2482 qua
211 2397 467 2482 fragmentorum
496 2399 615 2463 codicis
644 2396 862 2461 Theodosiani
891 2397 1052 2481 scriptura
1081 2420 1133 2461 cx·

121 2489 238 2570 staret,
268 2490 365 2550 uncta
395 2507 461 2550 non
491 2487 572 2569 sint,
602 2487 637 2549 in
667 2483 813 2568 margine
843 2485 984 2549 colorem
1013 2484 1132 2550 flavum

120 2573 327 2639 membranae
348 2575 561 2657 retinuerunt,
585 2574 720 2638 aliorum
745 2575 816 2637 tota
839 2572 936 2637 facies
962 2593 1039 2637 suco
1062 2575 1134 2639 che-

120 2663 204 2728 mico
235 2662 403 2745 superfusa
432 2666 490 2728 est.
537 2661 620 2728 Sunt
647 2660 805 2746 quaedam
832 2660 925 2743 folia,
953 2661 988 2725 in
1016 2663 1134 2746 quibus

120 2751 233 2818 omnia
256 2750 437 2834 scripturae
456 2751 647 2834 posterioris
666 2749 765 2814 verba
789 2748 855 2832 legi
874 2751 1010 2834 possint,
1032 2752 1135 2834 plura,

120 2861 258 2925 quorum
282 2841 443 2924 scriptura
467 2843 594 2904 tantum
622 2839 656 2904 in
679 2837 882 2923 marginibus
912 2843 1134 2923 cognoscatur,

119 2929 291 3012 nonnulla,
319 2928 493 3011 inquibus
522 2929 695 2993 verborum
721 2925 799 2992 Iulii
821 2925 946 2992 Valerii
972 2949 1030 2992 nec
1059 2928 1135 2992 vola

120 3040 178 3084 nec
197 3017 370 3102 vestigium
389 3017 519 3084 restitit.
556 3016 650 3083 Folia
668 3037 753 3081 nunc
772 3015 984 3100 compagibus
1004 3019 1134 3100 quater-

121 3108 255 3174 nionum
272 3105 388 3171 solutis
404 3107 565 3190 explicata
584 3111 681 3190 atquc
699 3106 735 3171 in
749 3108 890 3169 veterem
905 3104 1041 3169 formam
1062 3127 1133 3169 eam

211 3354 235 3419 1)
254 3349 364 3405 Prodiit
378 3349 512 3419 Peyronis
532 3347 619 3404 editio
638 3349 860 3418 fragmentorum
878 3347 988 3403 Codicis
1004 3346 1133 3401 Theodo-

119 3422 193 3477 siani
216 3423 360 3489 Augustae
384 3420 496 3475 Taurin.
520 3424 692 3475 ann01828.
728 3420 832 3475 Postea
855 3417 952 3474 eadem
976 3419 1136 3487 fragmenta

118 3490 386 3618 ἰίἰῖἷὲῖὲιὲὶἱεῗὲῐῶ
402 3493 468 3545 sunt
491 3507 509 3544 a
531 3491 673 3560 Kruegero
697 3489 728 3543 in
745 3490 825 3546 Actis
843 3490 1011 3545 Academiae
1029 3488 1135 3543 Bcroli-
