2362 3938
308 214 414 250 uoeurn
432 213 539 250 aarum
555 211 654 250 aaran.
674 195 708 249 ΙΙ.
728 201 806 250 3-9.
972 194 1034 259 573

78 346 162 418 ditio,
198 359 297 400 seruus
323 341 445 412 heredis,
471 333 560 417 ’(cum
588 344 698 415 called,
730 346 822 399 statim
853 343 922 400 liher
950 336 1038 417 est.)¹

77 426 106 488 8.
130 421 232 484 ²Statu
253 426 320 483 liber
341 442 390 482 acu
412 424 545 481 alienetur
566 424 598 482 ab
613 426 721 497 herede,
745 426 803 482 ’seu
823 444 877 484 usu
892 423 1039 500 capiatur³

78 508 799 586 ammmhwmmmfflmmoewmffld
843 504 1038 570 hssdmc

78 594 236 654 conditione
250 594 322 650 liber
337 609 397 650 esse
411 594 518 649 iussus:
535 608 565 651 ar
578 608 686 651 nucula
699 610 790 651 uma
805 610 925 651 aarum
939 611 1037 654 nunu·
1131 660 1134 667 ,

78 695 147 751 aar,
162 680 215 735 etsi
231 677 267 734 ah
282 676 383 734 herede
398 677 563 734 abalienatus
584 679 637 748 sit,
657 678 773 751 emptori
792 678 877 734 dando
896 680 1037 751 pecuuiaur
1159 689 1164 697 '

79 763 111 820 ad
124 761 281 819 libertatem
297 762 453 834 perueniet3
477 761 558 834 idque
572 761 615 818 lex
630 760 772 818 duodecim
787 760 936 817 tabularum
952 762 1035 820 iubet.

77 843 104 904 h.
127 841 174 903 ⁵Si
195 861 247 920 per
268 844 398 902 heredem
413 844 515 901 iactum
536 845 589 915 sit,
612 847 755 919 quominus
776 853 849 900 statu
863 844 930 914 liber
946 848 1036 902 caudi·

79 932 145 988 tiuai
160 938 267 1003 pareat,
283 928 399 1001 proinde
414 927 444 983 iit
460 927 539 998 liber,
549 937 631 1001 atque
641 930 664 984 si
676 928 799 985 condicio
811 928 916 1001 expleta
929 928 1035 987 luisset.

77 1010 106 1071 8.
133 1007 226 1084 ⁶’(Set
241 1005 300 1086 et)⁷
323 1020 451 1069 extraneo
467 1014 609 1086 pecuniam
625 1011 688 1069 dare
703 1014 792 1068 iussus
808 1021 837 1068 et
857 1012 998 1069 liberasse
1013 1016 1035 1069 si

78 1106 186 1173 paratus
202 1099 238 1153 sit
254 1096 330 1168 dare,
345 1104 373 1152 et
387 1097 420 1166 is,
436 1097 479 1151 cui
494 1096 586 1152 iussus
601 1104 643 1152 est
659 1096 731 1161 dare,
744 1104 790 1151 aut
801 1089 893 1153 'uelit8
905 1098 1036 1170 accipere,

79 1190 124 1238 aut
138 1190 286 1255 antequam
302 1181 453 1252 acceperit,
469 1181 615 1252 meriatur,
630 1179 744 1252 proinde
766 1178 797 1234 lit
811 1178 880 1235 liher
901 1195 931 1236 ac
952 1181 976 1236 si
990 1197 1037 1255 pe·

80 1263 330 1323 cmmhhm.
676 1331 678 1335 y

138 1344 167 1406 7.
190 1342 326 1405 ⁹lihertas
343 1354 370 1402 et
385 1346 488 1403 directa
499 1354 592 1422 potest
606 1346 664 1403 dari
678 1346 731 1404 hue
745 1345 826 1403 mado
839 1363 932 1404 annau
946 1362 1035 1415 asro,

79 1449 172 1491 urach
188 1447 250 1502 err,
264 1447 405 1490 urauuvu
419 1445 495 1490 assu
511 1445 614 1502 avere,
632 1440 659 1487 et
673 1447 723 1504 per
737 1428 983 1502 fideicommissum,
1006 1438 1037 1487 ut

80 1525 142 1590 puta
164 1531 268 1587 noea,
289 1531 379 1573 urum
401 1507 573 1594 couurrlro
588 1531 724 1572 anaema
745 1520 1141 1591 uu1,.vrerraavu192ap

82 1616 203 1660 scurra
217 1599 443 1658 ’utrumme
480 1598 509 1656 8.
531 1592 595 1670 ls‚¹⁰
611 1601 657 1673 qui
672 1598 775 1655 directa
791 1597 859 1653 litter
873 1614 932 1654 esse
947 1600 1036 1654 iussus

83 1675 1034 1755 uuwmmhmumwfffflmmuhfflmffimm

84 1766 317 1825 fideicommissum
340 1766 402 1823 data
425 1765 605 1837 edilbertus,
630 1783 686 1822 nou
701 1768 858 1837 testatoris,
881 1765 928 1821 sed
945 1783 1036 1822 mauu·

84 1853 201 1908 missoris
224 1850 257 1908 iit
278 1850 401 1908 libertus.
422 1901 428 1913 x
446 1844 475 1911 9.
498 1849 579 1906 Cuius
601 1849 663 1906 fidei
679 1850 810 1906 committi
825 1857 917 1922 potest
933 1849 964 1903 ad
979 1866 1036 1904 rem

86 1935 196 2006 aliquam
219 1933 429 2009 praestandam,
452 1933 571 1990 eiusdem
594 1936 673 1990 etiam
696 1931 805 1989 libertas
827 1929 891 1986 fidei
905 1933 1036 1988 committi

154 2135 173 2203 ¹)
187 2137 264 2188 Haec
278 2152 344 2202 quae
357 2139 481 2200 euppleua',
496 2138 625 2187 excidisse
639 2136 766 2200 quandam
779 2135 804 2188 ta.
819 2137 845 2194 t,
860 2135 929 2200 quad
941 2136 1037 2185 cimilia

84 2210 167 2258 statiua
185 2215 369 2273 sequerentur,
392 2214 417 2257 et
435 2208 471 2257 ad
487 2209 628 2271 marginem
641 2209 753 2270 primam
772 2207 920 2269 adscripta,
944 2206 1037 2256 deinde

86 2281 183 2328 amicale
197 2276 337 2342 prioribus
355 2277 455 2327 duabus
472 2277 577 2328 uocibus
598 2276 718 2342 (c'extitit)
739 2275 769 2327 ob
788 2277 980 2326 similitudinem
999 2292 1037 2326 ee·

85 2351 182 2413 quentia
195 2349 286 2407 statim,
301 2349 387 2397 aliano
401 2350 457 2398 luca
472 2355 569 2396 mutata
582 2350 647 2397 male
661 2349 762 2396 intrusa
777 2362 839 2405 ease,
854 2348 947 2397 haecce
957 2362 1037 2412 arqu-

85 2426 164 2469 menta
181 2425 257 2468 aunt:
276 2419 346 2483 quod
363 2418 388 2466 d.
407 2420 423 2468 l.
442 2417 544 2466 uerbum
567 2418 732 2467 desideratur
750 2418 941 2481 (suppleverunt
962 2418 1036 2467 edd:

86 2485 165 2556 [ett]),
178 2490 249 2553 quod
261 2495 324 2537 statu
339 2488 400 2536 liber
409 2485 454 2552 (ex
468 2489 548 2536 statim
558 2488 619 2536 liber
632 2495 645 2536 e
658 2487 767 2553 sactum)
778 2489 939 2538 antecedenti
948 2490 1035 2537 versui

84 2561 287 2622 superscriptum
301 2565 339 2607 eet
353 2556 415 2623 (aid.
430 2565 482 2608 nat.
494 2558 539 2623 le),
554 2559 622 2622 quod
639 2558 764 2621 Ulpianus
777 2566 845 2608 statu
861 2559 967 2608 liberum
981 2560 1037 2607 exi·

84 2636 163 2679 utente
177 2629 330 2679 condicione
345 2628 452 2678 liberum
465 2643 529 2687 etue,
539 2644 590 2678 non
601 2635 687 2691 potest
700 2644 750 2679 nan
761 2631 836 2679 initio
846 2630 954 2686 dmiccc,
965 2629 1036 2678 deni·

85 2715 131 2764 pue
144 2700 215 2764 quad
227 2700 251 2749 ie
265 2699 332 2748 idem
344 2699 485 2749 subiectum
498 2714 626 2763 nunquam
642 2701 691 2758 ita,
707 2706 734 2748 ut
747 2699 790 2748 liic
804 2707 865 2749 statu
881 2699 949 2757 liber,
971 2701 1036 2749 salet

85 2777 207 2834 repetere.
235 2769 275 2819 De
288 2784 331 2827 ea,
345 2770 415 2834 quod
427 2770 497 2819 dtaett
511 2770 590 2818 statim
604 2769 665 2818 liber
679 2777 728 2831 est,
743 2771 794 2822 uid.
809 2771 914 2820 eundem
933 2768 987 2832 Ulp.
1003 2769 1035 2818 L.

85 2852 96 2891 t
105 2857 149 2904 pr.
164 2841 197 2889 D.
208 2840 233 2891 d.
243 2847 262 2890 t.
273 2838 318 2904 (to,
329 2839 360 2904 t).
390 2838 500 2888 Videtur
513 2842 589 2889 etiam
603 2841 694 2889 mirum
705 2841 771 2889 illud
781 2840 885 2890 librarii
894 2856 945 2891 vau
955 2853 1038 2890 araur

85 2925 186 2962 traxere
202 2912 231 2960 in
245 2911 416 2973 inscriptione
434 2912 504 2959 tituli
522 2925 557 2958 eae
574 2926 625 2961 vua
643 2925 738 2961 euacua
756 2926 859 2961 arcuere
874 2919 960 2960 natum
974 2924 1037 2968 eece,

85 2982 152 3045 qaod
164 2996 200 3030 eae
214 2981 564 3044 naetrolacaeffictumerat.
612 2977 633 3045 ²)
645 2981 683 3044 Cf.
694 2980 725 3030 L.
737 2992 799 3044 apr.
815 2982 846 3030 D.
857 2982 881 3029 d.
892 2988 909 3032 t.
956 2976 977 3042 8)
992 2978 1036 3025 Ec

85 3051 164 3102 daea.
185 3053 220 3115 ci.
239 3052 291 3100 siue
310 3051 455 3114 suscipiatur
478 3049 536 3099 Vat.
556 3051 607 3099 siue
627 3052 779 3115 usucapiatur
797 3051 845 3115 Bp.
866 3051 904 3098 ed.
961 3045 982 3111 ⁴)
999 3045 1037 3106 Cf.

84 3122 113 3170 L.
127 3134 149 3173 e.
165 3123 208 3184 ἕξ.
222 3133 243 3173 a.
259 3132 279 3172 a.
298 3121 330 3170 L.
346 3133 378 3172 ee.
395 3122 418 3182 ἓ.
433 3133 453 3170 1.
473 3121 505 3169 D.
520 3121 544 3169 t.
560 3128 577 3169 t.
629 3119 649 3188 ⁶)
666 3122 704 3184 Cf.
719 3122 750 3170 L.
766 3133 786 3171 e.
801 3123 823 3180 ξ.
839 3133 859 3168 1.
879 3119 910 3165 D.
926 3117 950 3164 Ιι.
966 3122 983 3164 t.

85 3188 160 3257 ⁸)Cf.
174 3192 208 3241 L.
222 3203 243 3244 a.
258 3193 282 3253 ξ.
298 3204 332 3243 10.
354 3190 386 3241 L.
401 3201 435 3242 te.
450 3193 474 3252 9.
489 3202 509 3241 a.
528 3191 560 3242 D.
576 3191 600 3240 lt.
615 3199 632 3240 t.
698 3190 718 3256 7)
735 3190 866 3240 Geminaui
883 3202 917 3235 eac
937 3193 1037 3235 antece·

83 3263 154 3312 denti
166 3279 190 3312 a.
242 3258 266 3327 ⁸)
280 3262 353 3311 nollet
371 3261 430 3311 Vat.
444 3261 492 3326 Bp.
503 3262 542 3310 cd.
593 3258 615 3327 ⁹)
634 3262 672 3326 Cf.
684 3262 755 3324 infra
765 3269 798 3319 25,
809 3269 829 3306 2.
841 3269 873 3308 18.
892 3257 948 3306 Gai.
959 3270 980 3314 2,
991 3268 1036 3307 263.

85 3329 115 3398 1Ψ)
134 3334 237 3382 mittatis
255 3343 412 3385 *ettae
432 3332 453 3380 is
478 3332 535 3382 Vat.
564 3332 626 3381 Part
640 3347 709 3380 manu
723 3330 847 3391 scriptam
859 3329 942 3391 fuisse
961 3329 1038 3377 mittat

82 3399 256 3470 (t)ee(tatorit)
271 3410 342 3453 tator
356 3403 386 3461 is,
402 3401 481 3452 noea.
496 3403 568 3451 uidit.
588 3403 648 3454 Via.
664 3408 714 3451 nat.
728 3414 779 3463 seq.
800 3399 838 3448 Da
853 3415 882 3450 re
897 3400 931 3462 cf.
949 3399 1006 3449 Gai.
1017 3410 1038 3456 a,
1151 3352 1164 3461 l

81 3485 124 3527 tte.
139 3485 189 3527 att.
244 3470 278 3539 ¹¹)
293 3472 407 3523 harcinus
426 3470 490 3536 (pra
509 3474 620 3522 uarcinus
640 3479 667 3520 ut
685 3468 788 3536 opinor)
809 3470 867 3520 Vat.
883 3469 930 3535 Bp.
946 3470 1001 3526 ed.,·
1014 3484 1038 3519 a.

81 3546 203 3597 muru
216 3544 269 3595 duc
282 3559 318 3595 ea
331 3543 495 3593 antecedenti
508 3558 583 3594 uersu
597 3543 723 3594 revocavi.
