<?xml version="1.0" encoding="UTF-8"?>
<!DOCTYPE html PUBLIC "-//W3C//DTD XHTML 1.0 Transitional//EN"
    "http://www.w3.org/TR/xhtml1/DTD/xhtml1-transitional.dtd">
<html xmlns="http://www.w3.org/1999/xhtml" xml:lang="en" lang="en">
 <head>
  <title>
</title>
<meta http-equiv="Content-Type" content="text/html;charset=utf-8" />
  <meta name='ocr-system' content='tesseract 3.04.00' />
  <meta name='ocr-capabilities' content='ocr_page ocr_carea ocr_par ocr_line ocrx_word'/>
</head>
<body>
  <div class='ocr_page' id='page_1' title='image "./domitiivlpianiq00huscgoog/domitiivlpianiq00huscgoog_0484.png"; bbox 0 0 2362 3938; ppageno 0'>
   <div class='ocr_carea' id='block_1_1' title="bbox 335 85 1078 185">
    <p class='ocr_par' dir='ltr' id='par_1_1' title="bbox 335 85 1078 185">
     <span class='ocr_line' id='line_1_1' title="bbox 335 85 1078 185; baseline 0.015 -11"><span class='ocrx_word' id='word_1_1' title='bbox 335 85 806 176; x_wconf 72' lang='lat' dir='ltr'><strong>mconaoaroonnnaunu</strong></span> <span class='ocrx_word' id='word_1_2' title='bbox 1035 120 1078 185; x_wconf 86' lang='grc'><strong>41</strong></span> 
     </span>
    </p>
   </div>
   <div class='ocr_carea' id='block_1_2' title="bbox 51 263 1081 3533">
    <p class='ocr_par' dir='ltr' id='par_1_2' title="bbox 53 263 892 349">
     <span class='ocr_line' id='line_1_2' title="bbox 53 263 892 349; baseline 0 -19"><span class='ocrx_word' id='word_1_3' title='bbox 53 270 199 347; x_wconf 91' lang='lat' dir='ltr'><strong>donaque</strong></span> <span class='ocrx_word' id='word_1_4' title='bbox 223 267 303 329; x_wconf 90' lang='lat' dir='ltr'><strong>dicta</strong></span> <span class='ocrx_word' id='word_1_5' title='bbox 325 263 439 328; x_wconf 66' lang='lat' dir='ltr'><strong>ieram?</strong></span> <span class='ocrx_word' id='word_1_6' title='bbox 485 275 550 329; x_wconf 92' lang='lat' dir='ltr'><strong>tum</strong></span> <span class='ocrx_word' id='word_1_7' title='bbox 573 285 646 330; x_wconf 90' lang='lat' dir='ltr'><strong>uero</strong></span> <span class='ocrx_word' id='word_1_8' title='bbox 669 269 755 349; x_wconf 87' lang='lat' dir='ltr'><strong>plura</strong></span> <span class='ocrx_word' id='word_1_9' title='bbox 777 272 892 332; x_wconf 89' lang='lat' dir='ltr'><strong>uocatis</strong></span> 
     </span>
    </p>

    <p class='ocr_par' dir='ltr' id='par_1_3' title="bbox 56 355 760 438">
     <span class='ocr_line' id='line_1_3' title="bbox 56 355 760 438; baseline 0 -21"><span class='ocrx_word' id='word_1_10' title='bbox 56 358 167 419; x_wconf 90' lang='lat' dir='ltr'><strong>adnuit</strong></span> <span class='ocrx_word' id='word_1_11' title='bbox 188 355 239 416; x_wconf 92' lang='lat' dir='ltr'><strong>ille</strong></span> <span class='ocrx_word' id='word_1_12' title='bbox 263 356 335 417; x_wconf 89' lang='lat' dir='ltr'><strong>deis.</strong></span> <span class='ocrx_word' id='word_1_13' title='bbox 359 359 505 435; x_wconf 88' lang='lat' dir='ltr'><strong>promissa</strong></span> <span class='ocrx_word' id='word_1_14' title='bbox 527 358 617 418; x_wconf 84' lang='lat' dir='ltr'><strong>intlda</strong></span> <span class='ocrx_word' id='word_1_15' title='bbox 641 359 760 438; x_wconf 83' lang='lat' dir='ltr'><strong>tyranni</strong></span> 
     </span>
    </p>

    <p class='ocr_par' dir='ltr' id='par_1_4' title="bbox 55 444 948 616">
     <span class='ocr_line' id='line_1_4' title="bbox 55 444 948 524; baseline 0.002 -18"><span class='ocrx_word' id='word_1_16' title='bbox 55 449 120 507; x_wconf 89' lang='lat' dir='ltr'><strong>iam</strong></span> <span class='ocrx_word' id='word_1_17' title='bbox 142 444 277 524; x_wconf 80' lang='lat' dir='ltr'><strong>Phryges</strong></span> <span class='ocrx_word' id='word_1_18' title='bbox 301 453 331 505; x_wconf 92' lang='lat' dir='ltr'><strong>et</strong></span> <span class='ocrx_word' id='word_1_19' title='bbox 353 448 480 506; x_wconf 83' lang='lat' dir='ltr'>miserae</span> <span class='ocrx_word' id='word_1_20' title='bbox 503 445 614 506; x_wconf 85' lang='lat' dir='ltr'><strong>flebant</strong></span> <span class='ocrx_word' id='word_1_21' title='bbox 637 447 808 507; x_wconf 89' lang='lat' dir='ltr'><strong>discrimina</strong></span> <span class='ocrx_word' id='word_1_22' title='bbox 830 445 948 508; x_wconf 75' lang='lat' dir='ltr'><strong>Troiae.</strong></span> 
     </span>
     <span class='ocr_line' id='line_1_5' title="bbox 104 532 883 616; baseline 0.003 -23"><span class='ocrx_word' id='word_1_23' title='bbox 104 533 251 594; x_wconf 80' lang='lat' dir='ltr'><strong>Panditur</strong></span> <span class='ocrx_word' id='word_1_24' title='bbox 274 532 343 593; x_wconf 88' lang='lat' dir='ltr'><strong>hinc</strong></span> <span class='ocrx_word' id='word_1_25' title='bbox 367 534 438 593; x_wconf 91' lang='lat' dir='ltr'><strong>totis</strong></span> <span class='ocrx_word' id='word_1_26' title='bbox 461 537 492 593; x_wconf 95' lang='lat' dir='ltr'><strong>in</strong></span> <span class='ocrx_word' id='word_1_27' title='bbox 515 542 634 595; x_wconf 90' lang='lat' dir='ltr'><strong>noctem</strong></span> <span class='ocrx_word' id='word_1_28' title='bbox 657 534 798 595; x_wconf 80' lang='lat' dir='ltr'><strong>carbasus</strong></span> <span class='ocrx_word' id='word_1_29' title='bbox 821 535 883 616; x_wconf 75' lang='lat' dir='ltr'><strong>aliS,</strong></span> 
     </span>
    </p>

    <p class='ocr_par' dir='ltr' id='par_1_5' title="bbox 57 622 1080 701">
     <span class='ocr_line' id='line_1_6' title="bbox 57 622 1080 701; baseline 0.002 -17"><span class='ocrx_word' id='word_1_30' title='bbox 57 624 208 701; x_wconf 79' lang='lat' dir='ltr'><strong>litoraque</strong></span> <span class='ocrx_word' id='word_1_31' title='bbox 233 629 264 681; x_wconf 91' lang='lat' dir='ltr'><strong>et</strong></span> <span class='ocrx_word' id='word_1_32' title='bbox 282 623 395 681; x_wconf 90' lang='lat' dir='ltr'><strong>ueteris</strong></span> <span class='ocrx_word' id='word_1_33' title='bbox 417 623 550 683; x_wconf 89' lang='lat' dir='ltr'><strong>tumulus</strong></span> <span class='ocrx_word' id='word_1_34' title='bbox 573 623 755 701; x_wconf 79' lang='lat' dir='ltr'><strong>praelabitur</strong></span> <span class='ocrx_word' id='word_1_35' title='bbox 778 622 812 683; x_wconf 89' lang='lat' dir='ltr'><strong>lli</strong></span> <span class='ocrx_word' id='word_1_36' title='bbox 1026 635 1080 686; x_wconf 84' lang='lat'><strong>580</strong></span> 
     </span>
    </p>

    <p class='ocr_par' dir='ltr' id='par_1_6' title="bbox 57 711 838 789">
     <span class='ocr_line' id='line_1_7' title="bbox 57 711 838 789; baseline -0.003 -17"><span class='ocrx_word' id='word_1_37' title='bbox 57 711 289 788; x_wconf 87' lang='lat' dir='ltr'><strong>Dardaniusque</strong></span> <span class='ocrx_word' id='word_1_38' title='bbox 312 717 410 789; x_wconf 81' lang='lat' dir='ltr'><strong>pater3</strong></span> <span class='ocrx_word' id='word_1_39' title='bbox 429 711 513 789; x_wconf 88' lang='lat' dir='ltr'><strong>uigili</strong></span> <span class='ocrx_word' id='word_1_40' title='bbox 536 711 625 772; x_wconf 88' lang='lat' dir='ltr'><strong>simul</strong></span> <span class='ocrx_word' id='word_1_41' title='bbox 648 714 745 772; x_wconf 91' lang='lat' dir='ltr'><strong>omnia</strong></span> <span class='ocrx_word' id='word_1_42' title='bbox 769 711 838 772; x_wconf 92' lang='lat' dir='ltr'><strong>ludo</strong></span> 
     </span>
    </p>

    <p class='ocr_par' dir='ltr' id='par_1_7' title="bbox 59 797 893 878">
     <span class='ocr_line' id='line_1_8' title="bbox 59 797 893 878; baseline -0.001 -18"><span class='ocrx_word' id='word_1_43' title='bbox 59 801 138 860; x_wconf 84' lang='lat' dir='ltr'><strong>festa</strong></span> <span class='ocrx_word' id='word_1_44' title='bbox 157 798 274 878; x_wconf 79' lang='lat' dir='ltr'><strong>uident3</strong></span> <span class='ocrx_word' id='word_1_45' title='bbox 297 797 367 858; x_wconf 92' lang='lat' dir='ltr'><strong>binc</strong></span> <span class='ocrx_word' id='word_1_46' title='bbox 390 799 469 859; x_wconf 91' lang='lat' dir='ltr'><strong>unda</strong></span> <span class='ocrx_word' id='word_1_47' title='bbox 492 802 585 860; x_wconf 87' lang='lat' dir='ltr'><strong>sacris</strong></span> <span class='ocrx_word' id='word_1_48' title='bbox 608 799 678 860; x_wconf 92' lang='lat' dir='ltr'><strong>hinc</strong></span> <span class='ocrx_word' id='word_1_49' title='bbox 700 799 820 878; x_wconf 85' lang='lat' dir='ltr'><strong>ignibus</strong></span> <span class='ocrx_word' id='word_1_50' title='bbox 841 798 893 859; x_wconf 90' lang='lat' dir='ltr'><strong>lde</strong></span> 
     </span>
    </p>

    <p class='ocr_par' dir='ltr' id='par_1_8' title="bbox 59 887 880 967">
     <span class='ocr_line' id='line_1_9' title="bbox 59 887 880 967; baseline -0.001 -19"><span class='ocrx_word' id='word_1_51' title='bbox 59 887 162 948; x_wconf 90' lang='lat' dir='ltr'><strong>uibrat</strong></span> <span class='ocrx_word' id='word_1_52' title='bbox 186 895 216 947; x_wconf 90' lang='lat' dir='ltr'><strong>et</strong></span> <span class='ocrx_word' id='word_1_53' title='bbox 238 887 413 947; x_wconf 88' lang='lat' dir='ltr'><strong>horrisonae</strong></span> <span class='ocrx_word' id='word_1_54' title='bbox 435 888 618 966; x_wconf 89' lang='lat' dir='ltr'><strong>respondent</strong></span> <span class='ocrx_word' id='word_1_55' title='bbox 641 888 769 967; x_wconf 85' lang='lat' dir='ltr'><strong>Gargara</strong></span> <span class='ocrx_word' id='word_1_56' title='bbox 791 888 880 949; x_wconf 84' lang='lat' dir='ltr'><strong>buxo.</strong></span> 
     </span>
    </p>

    <p class='ocr_par' dir='ltr' id='par_1_9' title="bbox 60 975 796 1056">
     <span class='ocr_line' id='line_1_10' title="bbox 60 975 796 1056; baseline 0 -20"><span class='ocrx_word' id='word_1_57' title='bbox 60 977 131 1037; x_wconf 92' lang='lat' dir='ltr'><strong>inde</strong></span> <span class='ocrx_word' id='word_1_58' title='bbox 156 975 209 1036; x_wconf 94' lang='lat' dir='ltr'><strong>ubi</strong></span> <span class='ocrx_word' id='word_1_59' title='bbox 231 977 289 1035; x_wconf 89' lang='lat' dir='ltr'><strong>iam</strong></span> <span class='ocrx_word' id='word_1_60' title='bbox 311 975 402 1035; x_wconf 90' lang='lat' dir='ltr'><strong>medii</strong></span> <span class='ocrx_word' id='word_1_61' title='bbox 425 982 549 1036; x_wconf 89' lang='lat' dir='ltr'><strong>tenuere</strong></span> <span class='ocrx_word' id='word_1_62' title='bbox 573 976 689 1038; x_wconf 90' lang='lat' dir='ltr'><strong>silentia</strong></span> <span class='ocrx_word' id='word_1_63' title='bbox 712 979 796 1056; x_wconf 93' lang='lat' dir='ltr'><strong>ponti</strong></span> 
     </span>
    </p>

    <p class='ocr_par' dir='ltr' id='par_1_10' title="bbox 61 1064 1080 1144">
     <span class='ocr_line' id='line_1_11' title="bbox 61 1064 1080 1144; baseline 0.003 -20"><span class='ocrx_word' id='word_1_64' title='bbox 61 1064 285 1142; x_wconf 83' lang='lat' dir='ltr'><strong>stridentesque</strong></span> <span class='ocrx_word' id='word_1_65' title='bbox 307 1065 412 1124; x_wconf 91' lang='lat' dir='ltr'><strong>iuuant</strong></span> <span class='ocrx_word' id='word_1_66' title='bbox 434 1081 537 1144; x_wconf 87' lang='lat' dir='ltr'><strong>aurae,</strong></span> <span class='ocrx_word' id='word_1_67' title='bbox 559 1064 687 1126; x_wconf 81' lang='lat' dir='ltr'><strong>Phrixea</strong></span> <span class='ocrx_word' id='word_1_68' title='bbox 710 1065 849 1126; x_wconf 86' lang='lat' dir='ltr'><strong>subibant</strong></span> <span class='ocrx_word' id='word_1_69' title='bbox 1027 1077 1080 1127; x_wconf 77' lang='lat'><strong>585</strong></span> 
     </span>
    </p>

    <p class='ocr_par' dir='ltr' id='par_1_11' title="bbox 60 1152 945 1232">
     <span class='ocr_line' id='line_1_12' title="bbox 60 1152 945 1232; baseline 0.002 -20"><span class='ocrx_word' id='word_1_70' title='bbox 60 1170 193 1232; x_wconf 86' lang='lat' dir='ltr'><strong>aequora</strong></span> <span class='ocrx_word' id='word_1_71' title='bbox 215 1153 247 1212; x_wconf 82' lang='lat' dir='ltr'><strong>&#39;et</strong></span> <span class='ocrx_word' id='word_1_72' title='bbox 269 1159 409 1231; x_wconf 83' lang='lat' dir='ltr'><strong>angustas</strong></span> <span class='ocrx_word' id='word_1_73' title='bbox 433 1152 582 1231; x_wconf 90' lang='lat' dir='ltr'><strong>quondam</strong></span> <span class='ocrx_word' id='word_1_74' title='bbox 604 1155 669 1214; x_wconf 90' lang='lat' dir='ltr'><strong>sine</strong></span> <span class='ocrx_word' id='word_1_75' title='bbox 692 1157 812 1215; x_wconf 92' lang='lat' dir='ltr'><strong>nomine</strong></span> <span class='ocrx_word' id='word_1_76' title='bbox 835 1152 945 1214; x_wconf 81' lang='lat' dir='ltr'><strong>lauces</strong></span> 
     </span>
    </p>

    <p class='ocr_par' dir='ltr' id='par_1_12' title="bbox 60 1240 899 1320">
     <span class='ocr_line' id='line_1_13' title="bbox 60 1240 899 1320; baseline 0.001 -19"><span class='ocrx_word' id='word_1_77' title='bbox 60 1259 132 1302; x_wconf 90' lang='lat' dir='ltr'><strong>ecce</strong></span> <span class='ocrx_word' id='word_1_78' title='bbox 157 1247 257 1301; x_wconf 90' lang='lat' dir='ltr'><strong>autem</strong></span> <span class='ocrx_word' id='word_1_79' title='bbox 278 1243 373 1320; x_wconf 91' lang='lat' dir='ltr'><strong>prima</strong></span> <span class='ocrx_word' id='word_1_80' title='bbox 395 1240 549 1302; x_wconf 90' lang='lat' dir='ltr'><strong>uolucrem</strong></span> <span class='ocrx_word' id='word_1_81' title='bbox 573 1241 629 1303; x_wconf 91' lang='lat' dir='ltr'><strong>sub</strong></span> <span class='ocrx_word' id='word_1_82' title='bbox 651 1243 718 1303; x_wconf 91' lang='lat' dir='ltr'><strong>luce</strong></span> <span class='ocrx_word' id='word_1_83' title='bbox 742 1243 899 1303; x_wconf 88' lang='lat' dir='ltr'><strong>dehiscens</strong></span> 
     </span>
    </p>

    <p class='ocr_par' dir='ltr' id='par_1_13' title="bbox 61 1328 866 1411">
     <span class='ocr_line' id='line_1_14' title="bbox 61 1328 866 1411; baseline 0 -20"><span class='ocrx_word' id='word_1_84' title='bbox 61 1332 172 1391; x_wconf 87' lang='lat' dir='ltr'><strong>terruit</strong></span> <span class='ocrx_word' id='word_1_85' title='bbox 196 1328 275 1389; x_wconf 92' lang='lat' dir='ltr'><strong>unda</strong></span> <span class='ocrx_word' id='word_1_86' title='bbox 297 1336 405 1410; x_wconf 89' lang='lat' dir='ltr'><strong>ratem,</strong></span> <span class='ocrx_word' id='word_1_87' title='bbox 428 1332 593 1409; x_wconf 88' lang='lat' dir='ltr'><strong>uittataque</strong></span> <span class='ocrx_word' id='word_1_88' title='bbox 617 1333 751 1392; x_wconf 90' lang='lat' dir='ltr'><strong>constitit</strong></span> <span class='ocrx_word' id='word_1_89' title='bbox 774 1331 866 1411; x_wconf 91' lang='lat' dir='ltr'><strong>Helle,</strong></span> 
     </span>
    </p>

    <p class='ocr_par' dir='ltr' id='par_1_14' title="bbox 61 1416 983 1499">
     <span class='ocr_line' id='line_1_15' title="bbox 61 1416 983 1499; baseline -0.001 -21"><span class='ocrx_word' id='word_1_90' title='bbox 61 1420 121 1478; x_wconf 92' lang='lat' dir='ltr'><strong>iam</strong></span> <span class='ocrx_word' id='word_1_91' title='bbox 145 1417 281 1497; x_wconf 89' lang='lat' dir='ltr'><strong>Panopes</strong></span> <span class='ocrx_word' id='word_1_92' title='bbox 304 1416 499 1497; x_wconf 86' lang='lat' dir='ltr'><strong>Thetidisque</strong></span> <span class='ocrx_word' id='word_1_93' title='bbox 523 1436 622 1499; x_wconf 89' lang='lat' dir='ltr'><strong>soror,</strong></span> <span class='ocrx_word' id='word_1_94' title='bbox 645 1422 762 1497; x_wconf 90' lang='lat' dir='ltr'><strong>iamque</strong></span> <span class='ocrx_word' id='word_1_95' title='bbox 787 1437 876 1478; x_wconf 90' lang='lat' dir='ltr'><strong>aurea</strong></span> <span class='ocrx_word' id='word_1_96' title='bbox 899 1419 983 1479; x_wconf 89' lang='lat' dir='ltr'><strong>laeua</strong></span> 
     </span>
    </p>

    <p class='ocr_par' dir='ltr' id='par_1_15' title="bbox 61 1507 1081 1586">
     <span class='ocr_line' id='line_1_16' title="bbox 61 1507 1081 1586; baseline 0.001 -19"><span class='ocrx_word' id='word_1_97' title='bbox 61 1514 306 1586; x_wconf 88' lang='lat' dir='ltr'><strong>sceptratenens.</strong></span> <span class='ocrx_word' id='word_1_98' title='bbox 324 1509 507 1567; x_wconf 89' lang='lat' dir='ltr'><strong>tumsternit</strong></span> <span class='ocrx_word' id='word_1_99' title='bbox 521 1525 611 1586; x_wconf 90' lang='lat' dir='ltr'><strong>aquas</strong></span> <span class='ocrx_word' id='word_1_100' title='bbox 621 1525 822 1585; x_wconf 90' lang='lat' dir='ltr'><strong>proceresque</strong></span> <span class='ocrx_word' id='word_1_101' title='bbox 831 1507 999 1585; x_wconf 89' lang='lat' dir='ltr'><strong>ducemque</strong></span> <span class='ocrx_word' id='word_1_102' title='bbox 1027 1517 1081 1568; x_wconf 83' lang='lat'><strong>590</strong></span> 
     </span>
    </p>

    <p class='ocr_par' dir='ltr' id='par_1_16' title="bbox 61 1593 780 1674">
     <span class='ocr_line' id='line_1_17' title="bbox 61 1593 780 1674; baseline 0.003 -20"><span class='ocrx_word' id='word_1_103' title='bbox 61 1596 169 1674; x_wconf 88' lang='lat' dir='ltr'><strong>aspicit</strong></span> <span class='ocrx_word' id='word_1_104' title='bbox 192 1601 222 1655; x_wconf 90' lang='lat' dir='ltr'><strong>et</strong></span> <span class='ocrx_word' id='word_1_105' title='bbox 243 1593 367 1673; x_wconf 87' lang='lat' dir='ltr'><strong>placidis</strong></span> <span class='ocrx_word' id='word_1_106' title='bbox 390 1594 537 1674; x_wconf 90' lang='lat' dir='ltr'><strong>conpellat</strong></span> <span class='ocrx_word' id='word_1_107' title='bbox 560 1595 663 1655; x_wconf 89' lang='lat' dir='ltr'><strong>lasona</strong></span> <span class='ocrx_word' id='word_1_108' title='bbox 686 1596 780 1656; x_wconf 86' lang='lat' dir='ltr'><strong>dictis.</strong></span> 
     </span>
    </p>

    <p class='ocr_par' dir='ltr' id='par_1_17' title="bbox 61 1678 970 1764">
     <span class='ocr_line' id='line_1_18' title="bbox 61 1678 970 1764; baseline -0.001 -21"><span class='ocrx_word' id='word_1_109' title='bbox 61 1678 104 1743; x_wconf 78' lang='lat' dir='ltr'><strong>‘te</strong></span> <span class='ocrx_word' id='word_1_110' title='bbox 129 1701 249 1762; x_wconf 89' lang='lat' dir='ltr'><strong>quoqne</strong></span> <span class='ocrx_word' id='word_1_111' title='bbox 272 1682 308 1742; x_wconf 95' lang='lat' dir='ltr'><strong>ab</strong></span> <span class='ocrx_word' id='word_1_112' title='bbox 331 1680 502 1743; x_wconf 88' lang='lat' dir='ltr'><strong>Haemoniis</strong></span> <span class='ocrx_word' id='word_1_113' title='bbox 525 1687 627 1762; x_wconf 91' lang='lat' dir='ltr'><strong>ignota</strong></span> <span class='ocrx_word' id='word_1_114' title='bbox 649 1703 704 1764; x_wconf 91' lang='lat' dir='ltr'><strong>per</strong></span> <span class='ocrx_word' id='word_1_115' title='bbox 727 1702 857 1763; x_wconf 89' lang='lat' dir='ltr'><strong>aequora</strong></span> <span class='ocrx_word' id='word_1_116' title='bbox 880 1685 970 1744; x_wconf 92' lang='lat' dir='ltr'><strong>terris</strong></span> 
     </span>
    </p>

    <p class='ocr_par' dir='ltr' id='par_1_18' title="bbox 60 1771 848 1850">
     <span class='ocr_line' id='line_1_19' title="bbox 60 1771 848 1850; baseline 0.001 -19"><span class='ocrx_word' id='word_1_117' title='bbox 60 1789 154 1850; x_wconf 90' lang='lat' dir='ltr'><strong>regna</strong></span> <span class='ocrx_word' id='word_1_118' title='bbox 172 1771 281 1831; x_wconf 84' lang='lat' dir='ltr'><strong>intesta</strong></span> <span class='ocrx_word' id='word_1_119' title='bbox 304 1771 394 1832; x_wconf 91' lang='lat' dir='ltr'><strong>domu</strong></span> <span class='ocrx_word' id='word_1_120' title='bbox 418 1773 544 1850; x_wconf 89' lang='lat' dir='ltr'><strong>latisque</strong></span> <span class='ocrx_word' id='word_1_121' title='bbox 569 1772 714 1833; x_wconf 88' lang='lat' dir='ltr'><strong>simillima</strong></span> <span class='ocrx_word' id='word_1_122' title='bbox 736 1775 848 1834; x_wconf 89' lang='lat' dir='ltr'><strong>nostris</strong></span> 
     </span>
    </p>

    <p class='ocr_par' dir='ltr' id='par_1_19' title="bbox 62 1859 834 1942">
     <span class='ocr_line' id='line_1_20' title="bbox 62 1859 834 1942; baseline 0.003 -23"><span class='ocrx_word' id='word_1_123' title='bbox 62 1860 121 1920; x_wconf 86' lang='lat' dir='ltr'><strong>lata</strong></span> <span class='ocrx_word' id='word_1_124' title='bbox 145 1860 261 1939; x_wconf 82' lang='lat' dir='ltr'><strong>lerunt3</strong></span> <span class='ocrx_word' id='word_1_125' title='bbox 284 1860 394 1921; x_wconf 91' lang='lat' dir='ltr'><strong>iterum</strong></span> <span class='ocrx_word' id='word_1_126' title='bbox 418 1859 534 1921; x_wconf 85' lang='lat' dir='ltr'><strong>Aeohos</strong></span> <span class='ocrx_word' id='word_1_127' title='bbox 558 1861 689 1922; x_wconf 85' lang='lat' dir='ltr'><strong>Fortuna</strong></span> <span class='ocrx_word' id='word_1_128' title='bbox 712 1868 834 1942; x_wconf 88' lang='lat' dir='ltr'><strong>penates</strong></span> 
     </span>
    </p>

    <p class='ocr_par' dir='ltr' id='par_1_20' title="bbox 61 1947 1079 2029">
     <span class='ocr_line' id='line_1_21' title="bbox 61 1947 1079 2029; baseline 0.001 -22"><span class='ocrx_word' id='word_1_129' title='bbox 61 1950 176 2027; x_wconf 85' lang='lat' dir='ltr'><strong>spargit</strong></span> <span class='ocrx_word' id='word_1_130' title='bbox 199 1955 229 2008; x_wconf 87' lang='lat' dir='ltr'><strong>et</strong></span> <span class='ocrx_word' id='word_1_131' title='bbox 252 1947 354 2009; x_wconf 80' lang='lat' dir='ltr'><strong>infelix</strong></span> <span class='ocrx_word' id='word_1_132' title='bbox 379 1948 551 2027; x_wconf 89' lang='lat' dir='ltr'><strong>Scytbicum</strong></span> <span class='ocrx_word' id='word_1_133' title='bbox 574 1969 647 2028; x_wconf 88' lang='lat' dir='ltr'><strong>gens</strong></span> <span class='ocrx_word' id='word_1_134' title='bbox 672 1952 814 2029; x_wconf 88' lang='lat' dir='ltr'><strong>quaeritis</strong></span> <span class='ocrx_word' id='word_1_135' title='bbox 837 1966 961 2009; x_wconf 90' lang='lat' dir='ltr'><strong>amnem.</strong></span> <span class='ocrx_word' id='word_1_136' title='bbox 1026 1957 1079 2008; x_wconf 80' lang='lat'><strong>595</strong></span> 
     </span>
    </p>

    <p class='ocr_par' dir='ltr' id='par_1_21' title="bbox 60 2030 878 2119">
     <span class='ocr_line' id='line_1_22' title="bbox 60 2030 878 2119; baseline 0 -22"><span class='ocrx_word' id='word_1_137' title='bbox 60 2044 148 2097; x_wconf 88' lang='lat' dir='ltr'><strong>uasta</strong></span> <span class='ocrx_word' id='word_1_138' title='bbox 171 2054 262 2115; x_wconf 88' lang='lat' dir='ltr'><strong>super</strong></span> <span class='ocrx_word' id='word_1_139' title='bbox 285 2035 387 2117; x_wconf 89' lang='lat' dir='ltr'><strong>tellus,</strong></span> <span class='ocrx_word' id='word_1_140' title='bbox 410 2037 532 2116; x_wconf 83' lang='lat' dir='ltr'><strong>longrun</strong></span> <span class='ocrx_word' id='word_1_141' title='bbox 556 2031 609 2119; x_wconf 90' lang='lat' dir='ltr'><strong>(ne</strong></span> <span class='ocrx_word' id='word_1_142' title='bbox 632 2038 725 2098; x_wconf 86' lang='lat' dir='ltr'><strong>defice</strong></span> <span class='ocrx_word' id='word_1_143' title='bbox 749 2030 878 2118; x_wconf 86' lang='lat' dir='ltr'><strong>coeptis)</strong></span> 
     </span>
    </p>

    <p class='ocr_par' dir='ltr' id='par_1_22' title="bbox 59 2125 1012 2205">
     <span class='ocr_line' id='line_1_23' title="bbox 59 2125 1012 2205; baseline 0 -21"><span class='ocrx_word' id='word_1_144' title='bbox 59 2142 189 2205; x_wconf 87' lang='lat' dir='ltr'><strong>aequor,</strong></span> <span class='ocrx_word' id='word_1_145' title='bbox 211 2132 242 2184; x_wconf 92' lang='lat' dir='ltr'><strong>et</strong></span> <span class='ocrx_word' id='word_1_146' title='bbox 264 2127 328 2203; x_wconf 91' lang='lat' dir='ltr'><strong>ipse</strong></span> <span class='ocrx_word' id='word_1_147' title='bbox 350 2125 469 2205; x_wconf 86' lang='lat' dir='ltr'><strong>procul,</strong></span> <span class='ocrx_word' id='word_1_148' title='bbox 492 2144 600 2186; x_wconf 89' lang='lat' dir='ltr'><strong>uerum</strong></span> <span class='ocrx_word' id='word_1_149' title='bbox 623 2127 704 2187; x_wconf 86' lang='lat' dir='ltr'><strong>dabit</strong></span> <span class='ocrx_word' id='word_1_150' title='bbox 726 2129 802 2186; x_wconf 90' lang='lat' dir='ltr'><strong>ostia</strong></span> <span class='ocrx_word' id='word_1_151' title='bbox 824 2125 937 2185; x_wconf 90' lang='lat' dir='ltr'><strong>Phasis.</strong></span> <span class='ocrx_word' id='word_1_152' title='bbox 1009 2139 1012 2144; x_wconf 87' lang='grc'><strong><em>·</em></strong></span> 
     </span>
    </p>

    <p class='ocr_par' dir='ltr' id='par_1_23' title="bbox 59 2212 903 2293">
     <span class='ocr_line' id='line_1_24' title="bbox 59 2212 903 2293; baseline 0 -21"><span class='ocrx_word' id='word_1_153' title='bbox 59 2212 110 2273; x_wconf 93' lang='lat' dir='ltr'><strong>hic</strong></span> <span class='ocrx_word' id='word_1_154' title='bbox 134 2230 241 2273; x_wconf 90' lang='lat' dir='ltr'><strong>nemus</strong></span> <span class='ocrx_word' id='word_1_155' title='bbox 264 2230 405 2274; x_wconf 89' lang='lat' dir='ltr'><strong>arcannm</strong></span> <span class='ocrx_word' id='word_1_156' title='bbox 428 2217 621 2293; x_wconf 87' lang='lat' dir='ltr'><strong>geminaeque</strong></span> <span class='ocrx_word' id='word_1_157' title='bbox 645 2214 812 2276; x_wconf 90' lang='lat' dir='ltr'><strong>uirentibus</strong></span> <span class='ocrx_word' id='word_1_158' title='bbox 837 2231 903 2273; x_wconf 91' lang='lat' dir='ltr'><strong>arae</strong></span> 
     </span>
    </p>

    <p class='ocr_par' dir='ltr' id='par_1_24' title="bbox 60 2300 869 2381">
     <span class='ocr_line' id='line_1_25' title="bbox 60 2300 869 2381; baseline 0.001 -20"><span class='ocrx_word' id='word_1_159' title='bbox 60 2308 144 2361; x_wconf 80' lang='lat' dir='ltr'><strong>stant</strong></span> <span class='ocrx_word' id='word_1_160' title='bbox 165 2301 301 2381; x_wconf 85' lang='lat' dir='ltr'><strong>tumulis;</strong></span> <span class='ocrx_word' id='word_1_161' title='bbox 323 2300 373 2361; x_wconf 91' lang='lat' dir='ltr'><strong>hic</strong></span> <span class='ocrx_word' id='word_1_162' title='bbox 394 2304 491 2380; x_wconf 86' lang='lat' dir='ltr'><strong>prima</strong></span> <span class='ocrx_word' id='word_1_163' title='bbox 514 2305 561 2381; x_wconf 90' lang='lat' dir='ltr'><strong>pia</strong></span> <span class='ocrx_word' id='word_1_164' title='bbox 585 2302 737 2363; x_wconf 88' lang='lat' dir='ltr'><strong>sollemnia</strong></span> <span class='ocrx_word' id='word_1_165' title='bbox 758 2303 869 2364; x_wconf 81' lang='lat' dir='ltr'><strong>Phrixo</strong></span> 
     </span>
    </p>

    <p class='ocr_par' dir='ltr' id='par_1_25' title="bbox 59 2389 1081 2471">
     <span class='ocr_line' id='line_1_26' title="bbox 59 2389 1081 2471; baseline 0.004 -22"><span class='ocrx_word' id='word_1_166' title='bbox 59 2389 139 2449; x_wconf 82' lang='lat' dir='ltr'><strong>terte</strong></span> <span class='ocrx_word' id='word_1_167' title='bbox 156 2407 252 2468; x_wconf 79' lang='lat' dir='ltr'><strong>¹manu</strong></span> <span class='ocrx_word' id='word_1_168' title='bbox 276 2392 446 2470; x_wconf 85' lang='lat' dir='ltr'><strong>cinerique,</strong></span> <span class='ocrx_word' id='word_1_169' title='bbox 468 2408 590 2471; x_wconf 79' lang='lat' dir='ltr'><strong>precor,</strong></span> <span class='ocrx_word' id='word_1_170' title='bbox 612 2409 678 2451; x_wconf 86' lang='lat' dir='ltr'><strong>mea</strong></span> <span class='ocrx_word' id='word_1_171' title='bbox 700 2391 816 2452; x_wconf 90' lang='lat' dir='ltr'><strong>reddite</strong></span> <span class='ocrx_word' id='word_1_172' title='bbox 840 2392 931 2452; x_wconf 89' lang='lat' dir='ltr'><strong>dicta:</strong></span> <span class='ocrx_word' id='word_1_173' title='bbox 1026 2403 1081 2453; x_wconf 81' lang='lat' dir='ltr'><strong>ooo</strong></span> 
     </span>
    </p>

    <p class='ocr_par' dir='ltr' id='par_1_26' title="bbox 57 2477 872 2562">
     <span class='ocr_line' id='line_1_27' title="bbox 57 2477 872 2562; baseline 0.002 -24"><span class='ocrx_word' id='word_1_174' title='bbox 57 2496 123 2538; x_wconf 93' lang='lat' dir='ltr'><strong>non</strong></span> <span class='ocrx_word' id='word_1_175' title='bbox 147 2495 203 2556; x_wconf 90' lang='lat' dir='ltr'><strong>ego</strong></span> <span class='ocrx_word' id='word_1_176' title='bbox 226 2495 281 2557; x_wconf 92' lang='lat' dir='ltr'><strong>per</strong></span> <span class='ocrx_word' id='word_1_177' title='bbox 304 2477 422 2556; x_wconf 84' lang='lat' dir='ltr'><strong>Stygiae</strong></span> <span class='ocrx_word' id='word_1_178' title='bbox 446 2478 526 2555; x_wconf 92' lang='lat' dir='ltr'><strong>qnod</strong></span> <span class='ocrx_word' id='word_1_179' title='bbox 549 2497 617 2540; x_wconf 93' lang='lat' dir='ltr'><strong>rere</strong></span> <span class='ocrx_word' id='word_1_180' title='bbox 641 2480 758 2540; x_wconf 86' lang='lat' dir='ltr'><strong>silentia</strong></span> <span class='ocrx_word' id='word_1_181' title='bbox 780 2483 872 2562; x_wconf 80' lang='lat' dir='ltr'><strong>ripae,</strong></span> 
     </span>
    </p>

    <p class='ocr_par' dir='ltr' id='par_1_27' title="bbox 58 2563 837 2651">
     <span class='ocr_line' id='line_1_28' title="bbox 58 2563 837 2651; baseline 0.004 -25"><span class='ocrx_word' id='word_1_182' title='bbox 58 2566 170 2646; x_wconf 83' lang='lat' dir='ltr'><strong>irater,</strong></span> <span class='ocrx_word' id='word_1_183' title='bbox 195 2583 279 2646; x_wconf 79' lang='lat' dir='ltr'><strong>agor3</strong></span> <span class='ocrx_word' id='word_1_184' title='bbox 302 2566 416 2626; x_wconf 83' lang='lat' dir='ltr'><strong>frustra</strong></span> <span class='ocrx_word' id='word_1_185' title='bbox 438 2569 526 2627; x_wconf 78' lang='lat' dir='ltr'><strong>tracui</strong></span> <span class='ocrx_word' id='word_1_186' title='bbox 550 2571 693 2629; x_wconf 87' lang='lat' dir='ltr'><strong>scrutaris</strong></span> <span class='ocrx_word' id='word_1_187' title='bbox 717 2563 837 2651; x_wconf 70' lang='lat' dir='ltr'><strong>bucini,</strong></span> 
     </span>
    </p>

    <p class='ocr_par' dir='ltr' id='par_1_28' title="bbox 58 2655 1027 2736">
     <span class='ocr_line' id='line_1_29' title="bbox 58 2655 1027 2736; baseline 0.004 -23"><span class='ocrx_word' id='word_1_188' title='bbox 58 2672 145 2735; x_wconf 88' lang='lat' dir='ltr'><strong>care,</strong></span> <span class='ocrx_word' id='word_1_189' title='bbox 168 2655 242 2714; x_wconf 89' lang='lat' dir='ltr'><strong>uias.</strong></span> <span class='ocrx_word' id='word_1_190' title='bbox 265 2672 363 2733; x_wconf 89' lang='lat' dir='ltr'><strong>neque</strong></span> <span class='ocrx_word' id='word_1_191' title='bbox 388 2657 468 2715; x_wconf 89' lang='lat' dir='ltr'><strong>enim</strong></span> <span class='ocrx_word' id='word_1_192' title='bbox 490 2656 620 2736; x_wconf 90' lang='lat' dir='ltr'><strong>scopulis</strong></span> <span class='ocrx_word' id='word_1_193' title='bbox 644 2677 692 2718; x_wconf 91' lang='lat' dir='ltr'><strong>me</strong></span> <span class='ocrx_word' id='word_1_194' title='bbox 716 2666 746 2718; x_wconf 90' lang='lat' dir='ltr'><strong>et</strong></span> <span class='ocrx_word' id='word_1_195' title='bbox 768 2657 908 2718; x_wconf 85' lang='lat' dir='ltr'><strong>fluctibus</strong></span> <span class='ocrx_word' id='word_1_196' title='bbox 932 2664 1027 2717; x_wconf 90' lang='lat' dir='ltr'><strong>actam</strong></span> 
     </span>
    </p>

    <p class='ocr_par' dir='ltr' id='par_1_29' title="bbox 58 2741 914 2823">
     <span class='ocr_line' id='line_1_30' title="bbox 58 2741 914 2823; baseline 0.004 -20"><span class='ocrx_word' id='word_1_197' title='bbox 58 2743 174 2821; x_wconf 80' lang='lat' dir='ltr'><strong>frangit</strong></span> <span class='ocrx_word' id='word_1_198' title='bbox 196 2741 325 2822; x_wconf 85' lang='lat' dir='ltr'><strong>hiemps;</strong></span> <span class='ocrx_word' id='word_1_199' title='bbox 349 2742 440 2803; x_wconf 89' lang='lat' dir='ltr'><strong>celeri</strong></span> <span class='ocrx_word' id='word_1_200' title='bbox 463 2745 610 2823; x_wconf 82' lang='lat' dir='ltr'><strong>extemplo</strong></span> <span class='ocrx_word' id='word_1_201' title='bbox 634 2745 753 2806; x_wconf 89' lang='lat' dir='ltr'><strong>subiere</strong></span> <span class='ocrx_word' id='word_1_202' title='bbox 776 2753 914 2806; x_wconf 85' lang='lat' dir='ltr'><strong>ruentem</strong></span> 
     </span>
    </p>

    <p class='ocr_par' dir='ltr' id='par_1_30' title="bbox 57 2830 1080 2913">
     <span class='ocr_line' id='line_1_31' title="bbox 57 2830 1080 2913; baseline -0.001 -22"><span class='ocrx_word' id='word_1_203' title='bbox 57 2830 226 2910; x_wconf 83' lang='lat' dir='ltr'><strong>Cymothoe</strong></span> <span class='ocrx_word' id='word_1_204' title='bbox 250 2830 437 2909; x_wconf 88' lang='lat' dir='ltr'><strong>Glaucusque</strong></span> <span class='ocrx_word' id='word_1_205' title='bbox 461 2849 564 2912; x_wconf 74' lang='lat' dir='ltr'><strong>manu,</strong></span> <span class='ocrx_word' id='word_1_206' title='bbox 586 2841 672 2913; x_wconf 88' lang='lat' dir='ltr'><strong>pater</strong></span> <span class='ocrx_word' id='word_1_207' title='bbox 694 2837 758 2913; x_wconf 91' lang='lat' dir='ltr'><strong>ipse</strong></span> <span class='ocrx_word' id='word_1_208' title='bbox 781 2833 923 2912; x_wconf 83' lang='lat' dir='ltr'><strong>profundi</strong></span> <span class='ocrx_word' id='word_1_209' title='bbox 1026 2841 1080 2893; x_wconf 79' lang='lat'><strong>605</strong></span> 
     </span>
    </p>

    <p class='ocr_par' dir='ltr' id='par_1_31' title="bbox 56 2919 851 3000">
     <span class='ocr_line' id='line_1_32' title="bbox 56 2919 851 3000; baseline 0.001 -21"><span class='ocrx_word' id='word_1_210' title='bbox 56 2919 112 2980; x_wconf 87' lang='lat' dir='ltr'><strong>has</strong></span> <span class='ocrx_word' id='word_1_211' title='bbox 138 2920 229 2980; x_wconf 88' lang='lat' dir='ltr'><strong>etiam</strong></span> <span class='ocrx_word' id='word_1_212' title='bbox 247 2919 348 3000; x_wconf 91' lang='lat' dir='ltr'><strong>sedes,</strong></span> <span class='ocrx_word' id='word_1_213' title='bbox 371 2919 444 2979; x_wconf 92' lang='lat' dir='ltr'><strong>haec</strong></span> <span class='ocrx_word' id='word_1_214' title='bbox 467 2924 589 2981; x_wconf 90' lang='lat' dir='ltr'><strong>numine</strong></span> <span class='ocrx_word' id='word_1_215' title='bbox 613 2922 734 2983; x_wconf 88' lang='lat' dir='ltr'><strong>tradidit</strong></span> <span class='ocrx_word' id='word_1_216' title='bbox 757 2939 851 2999; x_wconf 90' lang='lat' dir='ltr'><strong>aequo</strong></span> 
     </span>
    </p>

    <p class='ocr_par' dir='ltr' id='par_1_32' title="bbox 56 3004 840 3087">
     <span class='ocr_line' id='line_1_33' title="bbox 56 3004 840 3087; baseline 0.001 -20"><span class='ocrx_word' id='word_1_217' title='bbox 56 3025 153 3086; x_wconf 88' lang='lat' dir='ltr'><strong>regna</strong></span> <span class='ocrx_word' id='word_1_218' title='bbox 176 3025 234 3067; x_wconf 92' lang='lat' dir='ltr'><strong>nec</strong></span> <span class='ocrx_word' id='word_1_219' title='bbox 257 3005 337 3068; x_wconf 88' lang='lat' dir='ltr'><strong>lnois</strong></span> <span class='ocrx_word' id='word_1_220' title='bbox 360 3015 464 3068; x_wconf 87' lang='lat' dir='ltr'><strong>noster</strong></span> <span class='ocrx_word' id='word_1_221' title='bbox 487 3010 571 3069; x_wconf 85' lang='lat' dir='ltr'><strong>sinus</strong></span> <span class='ocrx_word' id='word_1_222' title='bbox 588 3011 709 3087; x_wconf 24' lang='lat' dir='ltr'><strong>,inuidet</strong></span> <span class='ocrx_word' id='word_1_223' title='bbox 731 3004 840 3068; x_wconf 67' lang='lat' dir='ltr'><strong>undis?</strong></span> 
     </span>
    </p>

    <p class='ocr_par' dir='ltr' id='par_1_33' title="bbox 56 3091 934 3177">
     <span class='ocr_line' id='line_1_34' title="bbox 56 3091 934 3177; baseline -0.002 -21"><span class='ocrx_word' id='word_1_224' title='bbox 56 3096 190 3177; x_wconf 84' lang='lat' dir='ltr'><strong>dixerat,</strong></span> <span class='ocrx_word' id='word_1_225' title='bbox 213 3103 244 3157; x_wconf 86' lang='lat' dir='ltr'><strong>ot</strong></span> <span class='ocrx_word' id='word_1_226' title='bbox 266 3091 397 3157; x_wconf 75' lang='lat' dir='ltr'><strong>maestos</strong></span> <span class='ocrx_word' id='word_1_227' title='bbox 420 3097 578 3175; x_wconf 90' lang='lat' dir='ltr'><strong>tranquilla</strong></span> <span class='ocrx_word' id='word_1_228' title='bbox 602 3097 657 3159; x_wconf 91' lang='lat' dir='ltr'><strong>sub</strong></span> <span class='ocrx_word' id='word_1_229' title='bbox 680 3113 810 3175; x_wconf 89' lang='lat' dir='ltr'><strong>aequora</strong></span> <span class='ocrx_word' id='word_1_230' title='bbox 832 3095 934 3156; x_wconf 90' lang='lat' dir='ltr'><strong>uultus</strong></span> 
     </span>
    </p>

    <p class='ocr_par' dir='ltr' id='par_1_34' title="bbox 56 3184 828 3265">
     <span class='ocr_line' id='line_1_35' title="bbox 56 3184 828 3265; baseline 0 -20"><span class='ocrx_word' id='word_1_231' title='bbox 56 3203 130 3245; x_wconf 91' lang='lat' dir='ltr'><strong>cum</strong></span> <span class='ocrx_word' id='word_1_232' title='bbox 152 3186 268 3264; x_wconf 86' lang='lat' dir='ltr'><strong>gemitu</strong></span> <span class='ocrx_word' id='word_1_233' title='bbox 291 3184 371 3265; x_wconf 92' lang='lat' dir='ltr'><strong>tulit,</strong></span> <span class='ocrx_word' id='word_1_234' title='bbox 395 3193 429 3244; x_wconf 91' lang='lat' dir='ltr'><strong>ut</strong></span> <span class='ocrx_word' id='word_1_235' title='bbox 451 3188 539 3264; x_wconf 87' lang='lat' dir='ltr'><strong>patrii</strong></span> <span class='ocrx_word' id='word_1_236' title='bbox 562 3187 679 3246; x_wconf 89' lang='lat' dir='ltr'><strong>rediere</strong></span> <span class='ocrx_word' id='word_1_237' title='bbox 703 3185 828 3246; x_wconf 89' lang='lat' dir='ltr'><strong>dolores.</strong></span> 
     </span>
    </p>

    <p class='ocr_par' dir='ltr' id='par_1_35' title="bbox 55 3270 1079 3352">
     <span class='ocr_line' id='line_1_36' title="bbox 55 3270 1079 3352; baseline -0.001 -18"><span class='ocrx_word' id='word_1_238' title='bbox 55 3282 123 3334; x_wconf 91' lang='lat' dir='ltr'><strong>tum</strong></span> <span class='ocrx_word' id='word_1_239' title='bbox 146 3273 253 3352; x_wconf 90' lang='lat' dir='ltr'><strong>pelago</strong></span> <span class='ocrx_word' id='word_1_240' title='bbox 276 3274 347 3333; x_wconf 85' lang='lat' dir='ltr'><strong>uina</strong></span> <span class='ocrx_word' id='word_1_241' title='bbox 369 3275 530 3351; x_wconf 86' lang='lat' dir='ltr'><strong>inuergens</strong></span> <span class='ocrx_word' id='word_1_242' title='bbox 554 3270 622 3335; x_wconf 77' lang='lat' dir='ltr'><strong>dun</strong></span> <span class='ocrx_word' id='word_1_243' title='bbox 636 3273 745 3334; x_wconf 86' lang='lat' dir='ltr'><strong>talibus</strong></span> <span class='ocrx_word' id='word_1_244' title='bbox 767 3273 845 3334; x_wconf 87' lang='lat' dir='ltr'><strong>infit:</strong></span> <span class='ocrx_word' id='word_1_245' title='bbox 1024 3283 1079 3333; x_wconf 83' lang='lat'><strong>610</strong></span> 
     </span>
    </p>

    <p class='ocr_par' dir='ltr' id='par_1_36' title="bbox 54 3357 802 3442">
     <span class='ocr_line' id='line_1_37' title="bbox 54 3357 802 3442; baseline -0.001 -19"><span class='ocrx_word' id='word_1_246' title='bbox 54 3357 222 3423; x_wconf 78' lang='lat' dir='ltr'><strong>‘undarum</strong></span> <span class='ocrx_word' id='word_1_247' title='bbox 244 3361 338 3421; x_wconf 88' lang='lat' dir='ltr'><strong>decus</strong></span> <span class='ocrx_word' id='word_1_248' title='bbox 362 3369 392 3422; x_wconf 90' lang='lat' dir='ltr'><strong>et</strong></span> <span class='ocrx_word' id='word_1_249' title='bbox 414 3363 524 3442; x_wconf 88' lang='lat' dir='ltr'><strong>gentis,</strong></span> <span class='ocrx_word' id='word_1_250' title='bbox 549 3361 685 3423; x_wconf 89' lang='lat' dir='ltr'><strong>Cretheia</strong></span> <span class='ocrx_word' id='word_1_251' title='bbox 707 3364 802 3441; x_wconf 87' lang='lat' dir='ltr'><strong>uirgo,</strong></span> 
     </span>
    </p>

    <p class='ocr_par' dir='ltr' id='par_1_37' title="bbox 51 3442 895 3533">
     <span class='ocr_line' id='line_1_38' title="bbox 51 3442 895 3533; baseline -0.008 -20"><span class='ocrx_word' id='word_1_252' title='bbox 51 3450 154 3532; x_wconf 84' lang='lat' dir='ltr'><strong>pande</strong></span> <span class='ocrx_word' id='word_1_253' title='bbox 178 3452 265 3512; x_wconf 86' lang='lat' dir='ltr'><strong>uiam·</strong></span> <span class='ocrx_word' id='word_1_254' title='bbox 284 3466 434 3528; x_wconf 87' lang='lat' dir='ltr'><strong>cursuque</strong></span> <span class='ocrx_word' id='word_1_255' title='bbox 459 3457 526 3511; x_wconf 89' lang='lat' dir='ltr'><strong>tuos</strong></span> <span class='ocrx_word' id='word_1_256' title='bbox 550 3468 616 3532; x_wconf 89' lang='lat' dir='ltr'><strong>age,</strong></span> <span class='ocrx_word' id='word_1_257' title='bbox 639 3451 720 3533; x_wconf 88' lang='lat' dir='ltr'><strong>diua,</strong></span> <span class='ocrx_word' id='word_1_258' title='bbox 744 3442 895 3511; x_wconf 68' lang='lat' dir='ltr'><strong>secundo?</strong></span> 
     </span>
    </p>
   </div>
   <div class='ocr_carea' id='block_1_3' title="bbox 0 0 1189 3938">
    <p class='ocr_par' dir='ltr' id='par_1_38' title="bbox 0 0 1189 3938">
     <span class='ocr_line' id='line_1_39' title="bbox 0 0 1189 3938; baseline 0 0"><span class='ocrx_word' id='word_1_259' title='bbox 0 0 1189 3938; x_wconf 95' lang='lat' dir='ltr'><strong> </strong></span> 
     </span>
    </p>
   </div>
  </div>
 </body>
</html>
