2362 3938
138 219 200 282 158
479 185 815 269 enumerantem

137 367 215 445 linge
238 372 318 426 rates
342 363 413 424 alias
436 370 466 422 et
489 361 585 441 adbuc
608 362 719 421 maiora
742 361 823 419 coire

137 455 267 534 agmina3
289 451 370 513 nulla
392 447 489 512 fides?
511 449 601 511 nullis
624 467 679 528 ego
702 448 790 527 digna
812 443 960 527 periclis?
1092 447 1130 508 410
1159 521 1160 526 ¹

137 560 199 603 non
221 543 319 602 merui
341 547 528 617 mortemque
550 546 632 599 tuam
655 539 857 614 comitumque
880 531 1027 598 tuorum?
1078 533 1080 536 ’

137 629 248 692 uellem
271 629 409 708 equidem
432 629 528 688 nostri
550 628 719 704 tetigissent
736 625 825 686 litora
847 627 943 704 patris

138 727 168 780 te
192 721 257 780 sine
280 718 400 797 dunque
422 715 481 776 illis
503 715 581 776 alius
604 716 785 793 quicumque
809 714 925 775 luisset.

139 825 220 867 nunc
242 813 389 886 remeant,
412 822 520 882 meque
544 820 614 865 ecce
638 795 765 886 (netas),
788 821 836 863 me
859 802 988 864 reddere
1016 803 1143 884 poscunt3
1180 804 1181 807 ’

140 913 196 955 nec
220 913 288 975 spes
311 892 370 955 ulla
393 911 493 973 super.
538 895 609 972 quin
632 899 666 952 tu
689 908 755 952 mea
777 893 895 971 respice
918 892 1025 954 saltem
1100 900 1164 951 411·

140 983 263 1043 consilia
291 990 322 1043 et
344 983 436 1041 nimio
460 983 603 1042 comitum
621 997 659 1040 ne
683 980 756 1040 cede
779 982 889 1040 timori.

141 1069 267 1131 eredidit
290 1071 430 1131 ardentes
454 1072 521 1148 quis
544 1077 573 1130 te
597 1078 669 1130 tunc
691 1071 817 1147 iungere
839 1075 943 1129 tauros

140 1155 250 1236 posse?
273 1160 340 1237 quis
364 1159 400 1219 ad
424 1159 506 1217 saeui
529 1165 693 1218 uenturum
716 1156 825 1237 templa
848 1153 1011 1217 draconis?

140 1264 158 1304 0
181 1249 295 1305 utinam
318 1263 389 1324 ergo
413 1263 498 1305 meus
521 1263 576 1324 pro
599 1253 629 1306 te
653 1264 714 1305 non
738 1247 835 1306 omnia
857 1252 962 1325 posset

138 1332 235 1410 adque
249 1333 360 1412 aliquid
375 1331 525 1394 dubitaret
538 1332 635 1395 amor!
650 1336 722 1413 quin
737 1352 817 1395 nunc
832 1351 951 1412 quoque
968 1350 1078 1412 quaere
1100 1345 1149 1395 440

35 1443 38 1447 ·
139 1421 210 1500 quid
233 1421 345 1482 iubeas.
390 1421 454 1504 heus
474 1421 549 1482 dure
572 1418 665 1483 siles?
687 1440 886 1502 magnumque
909 1424 1043 1483 minatur
1099 1434 1147 1483 404

140 1512 241 1571 nescio
266 1510 337 1590 quid
361 1517 431 1572 tuus
453 1512 510 1572 iste
533 1507 653 1591 pudor?
675 1530 771 1592 mene,
795 1513 905 1590 optime
930 1511 1081 1590 qnondam
1103 1521 1150 1570 441

142 1596 301 1681 Aesonide,
324 1618 372 1660 me
391 1601 471 1660 ferre
493 1618 600 1680 preces
624 1609 654 1660 et
677 1599 819 1680 supplicis
842 1617 895 1659 ora

142 1686 185 1748 las
209 1685 294 1749 erat?
315 1688 394 1748 haud
417 1688 474 1749 boc
493 1707 573 1749 nunc
597 1691 713 1768 genitor
736 1695 830 1770 putat,
852 1687 928 1747 hanc
953 1687 1024 1749 dare
1048 1704 1153 1768 poenas

142 1775 200 1835 iam
223 1776 346 1837 sceleris
368 1777 580 1860 dominumque
603 1772 685 1856 pati'.
709 1779 753 1837 sic
776 1777 835 1837 lata
856 1785 1012 1856 parantem

142 1863 267 1925 reddere
291 1864 370 1925 dicta
392 1867 492 1926 uirum
515 1867 623 1926 furiata
646 1874 745 1926 mente
768 1866 880 1944 refugit
1105 1875 1160 1924 445·

142 1955 319 2014 uociferans.
365 1953 482 2032 qualem
506 1953 632 2034 Ogygias
656 1973 725 2014 cum
746 1953 823 2015 tollit
845 1955 875 2013 in
899 1971 985 2014 arces

142 2040 276 2102 bacchus
299 2050 330 2102 et
352 2042 454 2102 tontis
476 2041 574 2103 irdidit
597 2042 716 2123 Thyada
738 2044 863 2123 truncis,

141 2131 209 2191 talis
232 2137 296 2191 crat
318 2129 467 2210 talemque
490 2133 569 2210 iugis
592 2148 624 2191 se
648 2134 734 2210 uirgo
757 2129 872 2190 lerebat

143 2228 250 2279 cuncta
271 2236 398 2299 pauens:
422 2219 498 2298 lugit
519 2221 644 2280 infestos
669 2218 855 2291 uibrantibus
877 2217 971 2279 hastis

142 2310 320 2390 terrigenas,
344 2307 426 2387 sugit·
443 2307 581 2368 ardentes
605 2311 747 2369 exterrita
769 2315 879 2369 tauros.
1105 2318 1155 2368 400

489 2439 685 2517 ***

143 2573 168 2631 41
190 2571 317 2649 Pagasas
340 2570 390 2632 uel
412 2571 544 2632 Peliacas
566 2571 637 2632 binc
660 2571 789 2650 denique
813 2571 909 2633 nubes

143 2666 280 2720 cerneret
303 2666 334 2719 et
356 2658 467 2739 Tempe
491 2661 575 2720 tenui
597 2659 726 2720 lucentia
749 2660 845 2721 fumo:

143 2749 198 2810 boc
222 2749 291 2808 uisu
314 2756 454 2809 contenta
477 2750 561 2809 mori.
606 2757 679 2809 tunc
702 2756 765 2809 tota
788 2748 929 2828 querellis
976 2769 978 2774 ⁸

143 2839 275 2918 egeritur
298 2844 466 2917 questuque
490 2836 567 2920 dies,
590 2837 752 2916 eademque
776 2838 832 2899 sub
856 2839 944 2898 astris

48 2930 51 2936 '
91 2922 94 2926 ’
143 2927 205 2988 4014
227 2935 336 3008 manet,
358 2929 480 2988 maestis
499 2925 594 2988 ueluti
615 2945 674 2988 nor
697 2925 747 2987 illa
770 2934 890 2987 sonaret

142 3015 229 3096 plena
251 3015 330 3095 lupis
353 3024 570 3095 quaterentque
593 3023 695 3113 tpuees
718 3017 818 3076 ieiuna
840 3015 943 3076 leones

143 3123 194 3165 ora
218 3103 267 3166 uel
290 3103 410 3166 orbatae
433 3105 587 3166 traherent
610 3106 737 3185 suspiria
759 3121 877 3165 uaccae.

489 3235 685 3315 *³3*

141 3369 277 3446 procedit
300 3387 359 3430 non
383 3372 480 3448 gentis
502 3368 610 3451 bonos,
633 3387 693 3430 non
714 3372 818 3446 clorio
840 3371 946 3443 moeni

143 3455 220 3515 Solis
243 3459 305 3538 aui,
328 3468 388 3517 non
411 3457 582 3518 barbaricae
606 3456 697 3518 decor
719 3457 769 3517 ille
791 3458 942 3537 iuuentae,

142 3542 237 3625 qualis
260 3541 337 3627 erat,
361 3562 430 3606 cunr
453 3544 583 3606 Chaonio
606 3544 750 3605 radiantia
772 3549 880 3601 trunco
1104 3556 1159 3607 400
