2362 3938
110 168 174 234 588
273 187 500 225 commanerem
517 185 615 223 sunau.
633 168 706 224 XIV.
727 156 858 223 1.—XVI.
880 175 903 223 1.

110 319 311 389 manumissam,
333 325 360 372 et
374 318 402 373 in
418 317 549 374 adulterio
566 316 776 389 deprehensam,
798 324 825 371 ct
840 316 940 372 iudicio
955 315 1061 389 publico
1071 319 1109 372 [49²

110 400 278 472 damnatam,
298 408 325 456 et
346 417 413 473 quae
435 410 519 456 artem
541 400 672 456 ludicram
690 399 799 456 lecerit:
821 398 903 455 adicit
916 399 1062 456 ’Mauricia-

109 499 172 540 num
188 493 298 541 senatus
314 478 491 541 consultum¹
506 500 521 539 a
535 491 630 539 senatu
645 483 802 539 damnatam.
818 499 835 538 a
849 499 898 540 *a

304 638 368 678 utu.
383 636 446 682 xtv.
472 637 514 676 Da:
528 634 630 676 POENA
644 633 737 677 neuls
752 633 869 676 tvntnlc.

172 718 197 781 1.
220 721 336 777 Feminis
352 723 395 778 lex
408 722 473 797 lulla
488 737 503 775 a
518 729 605 776 morte
628 722 679 776 uiri
694 722 755 776 anni
771 719 864 776 tribuit
885 721 1063 793 uacationem,

111 821 125 860 a
153 804 271 861 diuortio
298 821 345 861 sex
371 797 542 861 'mensam:²
570 804 612 859 ier
640 812 729 860 autem
750 803 831 877 Papia
857 820 871 859 a
897 812 986 862 morte
1014 806 1064 862 uiri

110 886 220 960 biennii,
236 905 250 943 a
265 887 378 961 repudio
394 889 457 943 arani
472 895 500 944 et
514 903 561 942 sex
577 881 727 946 mensum.²
741 906 757 944 a
771 903 821 945 a*

413 1039 474 1080 utu.
490 1040 540 1081 XV·
566 1039 608 1078 Du
623 1039 761 1083 Duorum.

173 1121 198 1181 1.
221 1123 267 1180 Vir
287 1132 315 1180 et
336 1140 404 1180 uxor
423 1125 494 1179 inter
513 1140 543 1179 se
563 1124 725 1179 matrimonii
746 1124 854 1179 nomine
874 1123 1003 1180 decimam
1022 1142 1063 1182 ca·

109 1223 174 1280 pere
190 1214 316 1279 possunt.
360 1206 434 1280 quod
449 1208 472 1262 si
486 1223 519 1263 er
533 1206 585 1262 alio
601 1207 770 1271 matrimonio
788 1206 888 1263 liberos
903 1210 1064 1280 superstites

110 1288 239 1361 habeant,
261 1299 370 1364 praeter
385 1290 529 1362 decimam,
551 1306 630 1363 quam
646 1291 807 1346 matrimonii
822 1291 930 1347 nomine
945 1294 1064 1365 capiunt,

109 1373 222 1430 totidem
245 1373 360 1431 decimas
383 1390 433 1446 pro
454 1390 566 1429 numero
590 1373 736 1429 liberorum
759 1376 902 1446 accipiunt.
946 1370 974 1431 2.
999 1375 1065 1432 ltem

110 1459 259 1513 communis
282 1456 353 1513 lilius
376 1456 465 1513 liliaue
487 1467 551 1531 pust
572 1459 711 1513 nominum
733 1451 825 1513 dlcm³
849 1460 963 1514 amissus
986 1461 1065 1515 amis·

109 1556 175 1596 saue
196 1557 276 1597 unam
299 1540 429 1598 decimam
452 1540 545 1603 adicit;
568 1540 622 1596 duo
643 1551 733 1597 autem
753 1550 815 1614 post
834 1545 974 1598 nominum
994 1542 1066 1598 diem

110 1625 201 1680 amissi
226 1624 293 1680 duas
321 1625 435 1681 decimas
463 1625 591 1682 adiciunt.
634 1621 663 1682 3.
692 1623 803 1680 Praeter
829 1625 957 1682 decimam
985 1627 1065 1682 ctiam

110 1708 308 1765 usumfructum
330 1711 427 1765 tertiae
446 1713 530 1782 partis
551 1708 684 1764 bonorum
707 1701 791 1787 '(uir)
811 1718 839 1765 et
858 1703 949 1765 uxor⁴
970 1724 1065 1781 capere

110 1802 239 1865 possunt,
256 1802 284 1849 et
299 1793 463 1867 quandoque
478 1793 578 1850 liberos
593 1791 752 1864 habuerint,
768 1791 887 1849 ciusdem
901 1796 984 1866 partis
1000 1807 1063 1865 pro-

111 1878 270 1949 prietatcm3
291 1879 344 1935 hoc
358 1878 473 1953 amplius
489 1878 599 1948 mulier,
620 1887 727 1951 praeter
742 1877 885 1948 decimam,
907 1876 999 1933 dotem
1013 1876 1065 1932 'rc-

112 1955 248 2035 legatam⁵
267 1961 327 2018 sibi.

7 2099 101 2149 13633
164 2110 306 2152 u1r.xv1.
339 2111 381 2152 na
397 2110 504 2151 soram
520 2109 713 2150 canaclrara
730 2087 734 2169 Ι
750 2107 844 2147 aurun
858 2104 958 2146 vunnu
971 2106 1013 2148 ur

517 2190 653 2232 vxonnu.

172 2273 196 2333 l.
222 2268 391 2347 6Aliquando
412 2276 455 2330 uir
475 2282 501 2330 et
524 2290 591 2330 uror
609 2275 679 2329 inter
694 2289 724 2328 se
745 2271 862 2328 solidum
882 2263 980 2345 capere
999 2292 1064 2349 pos·

110 2366 191 2428 sunt,
213 2359 290 2414 uelut
304 2360 327 2413 si
344 2365 457 2430 uterque
472 2356 514 2413 vel
533 2357 661 2413 alteruter
676 2364 772 2413 eorum
786 2356 905 2412 nondum
920 2359 978 2413 eius
993 2369 1065 2416 aeta·

111 2446 146 2498 tis
161 2446 230 2506 sint,
252 2437 287 2494 'a'
302 2457 354 2512 qua
369 2440 413 2496 len
427 2440 527 2496 liberos
541 2440 641 2512 exigit,
661 2439 688 2495 id
704 2449 747 2496 cst
760 2435 804 2497 si⁸
820 2441 863 2497 uir
877 2442 965 2498 minor
980 2457 1064 2500 anno·

111 2598 234 2653 quaestum
250 2591 375 2638 lacicntcm
388 2590 413 2637 Ιι.
429 2592 445 2639 l.
461 2593 600 2645 ancittarctr
617 2591 719 2641 scilicet
737 2592 899 2655 confundens
916 2592 994 2655 palam
1008 2608 1066 2646 carn

111 2661 187 2708 lenam
202 2663 288 2709 statim
302 2661 337 2709 ad
350 2660 417 2709 lianc
432 2675 516 2710 uocem
530 2659 706 2710 aberraverat.
764 2659 783 2727 ¹)
798 2663 950 2712 mauricianis
965 2670 988 2712 ct
1002 2661 1065 2728 (pro

111 2731 307 2791 maurianenses,
327 2737 355 2778 at
364 2728 439 2796 puta)
459 2730 517 2779 Vat.
532 2731 688 2779 Mauricianus
709 2740 732 2780 et
746 2733 803 2781 edd.
827 2733 887 2781 Via.
904 2731 958 2782 Fal.
973 2750 1001 2797 p.
1016 2745 1064 2786 aot.

112 2799 233 2849 Fortasse
246 2800 296 2850 ltoc
310 2806 347 2849 cst
360 2799 417 2857 SC„
432 2801 501 2863 qaod
514 2801 638 2849 laudatar
652 2801 683 2850 L.
693 2813 728 2852 43.
744 2804 766 2863 ξ.
777 2814 811 2853 10.
831 2802 863 2850 D.
878 2803 910 2851 de
925 2805 978 2852 ritu
993 2813 1064 2867 nupt.

111 2868 156 2936 (33,
170 2868 201 2935 3).
229 2868 283 2918 Sed
295 2871 369 2919 malti
382 2870 500 2920 Maurici
509 2872 595 2933 prima
609 2875 696 2922 seculo
710 2874 738 2920 in
752 2872 892 2923 honoribus
908 2874 992 2935 saera.

112 2937 136 3006 ²)
150 2954 244 2990 menses
264 2940 322 2989 Vat.
338 2954 445 2989 mensum
459 2941 498 2989 ed.
513 2940 561 3005 Bp.
613 2938 633 3006 Β)
651 2940 701 3001 Qui
714 2950 772 2992 erat
782 2945 874 3006 pueris
888 2958 978 3002 nonus,
990 2946 1065 3006 pael-

112 3013 145 3060 iis
159 3017 271 3060 octavas.
298 3010 363 3061 Fest.
378 3026 416 3072 ep.
432 3027 454 3060 a.
467 3008 608 3060 ‘Lustrici’
624 3027 651 3074 p.
662 3023 709 3063 133.
730 3012 847 3064 Macron.
862 3012 917 3063 Sat.
933 3027 953 3075 1,
968 3026 1001 3065 16.
1026 3013 1064 3076 Cf.

111 3083 187 3131 etiam
206 3084 254 3146 lep.
275 3080 347 3130 Flac.
368 3081 464 3130 Maias.
479 3092 512 3133 53.
585 3078 607 3147 ⁴)
622 3082 673 3130 cius
693 3083 853 3132 Vatusium
871 3098 906 3132 ecc
925 3091 978 3131 etue
993 3104 1027 3125 =
1042 3091 1066 3133 ct

112 3166 182 3212 uxor3
202 3152 240 3200 uir
253 3166 288 3200 ero
300 3153 428 3216 perainato
442 3161 457 3200 u
471 3151 590 3202 vocabuli
608 3151 700 3200 bonoru
716 3153 786 3214 [θοὴ
805 3153 839 3214 cf.
854 3160 906 3201 aot.
920 3165 933 3202 3
947 3154 983 3201 ad
995 3165 1016 3210 o,
1031 3165 1065 3204 16.

111 3223 224 3282 coniuges
239 3222 278 3270 ed.
293 3221 341 3286 Bp.
362 3223 401 3286 Of.
418 3221 471 3271 FII.
482 3233 568 3284 13333.
620 3218 641 3285 ⁶)
655 3228 735 3284 potest
749 3221 861 3284 (factum
874 3235 910 3269 sc.
925 3236 959 3269 ecc
972 3236 1002 3283 pe
1013 3237 1066 3284 pro

111 3289 148 3355 rc)
164 3291 264 3352 legatam
284 3292 343 3341 Vat.
358 3290 473 3358 (capere)
488 3298 567 3355 potest
581 3292 679 3354 legatam
694 3291 734 3340 ed.
748 3289 797 3354 Bp.
818 3289 856 3352 Of.
873 3289 926 3341 Fal.
938 3306 966 3352 p.
981 3302 1029 3341 333.

113 3357 135 3425 ⁶)
151 3360 189 3423 Of.
208 3360 313 3411 Tertull.
329 3367 397 3426 apol.
412 3376 433 3414 4.
448 3364 479 3412 de
493 3377 592 3427 monog.
608 3373 641 3413 ro.
655 3360 753 3411 Sozam.
768 3361 827 3409 laist.
842 3361 904 3408 ecci.
920 3371 941 3416 ι,
951 3370 971 3410 3.
993 3358 1021 3407 F.
1032 3357 1064 3406 Α.

112 3430 241 3496 Sodiliinp
254 3431 371 3482 Bemerla.
383 3449 411 3496 p.
426 3445 473 3485 aoo.
547 3428 567 3497 ἵ)
582 3439 623 3481 aut
641 3431 699 3480 Vat.
714 3446 753 3489 sc..
766 3432 830 3480 male
844 3430 976 3492 explicata
990 3443 1012 3477 a.

114 3497 135 3567 ⁸)
150 3509 190 3551 aut
203 3504 296 3552 inserit
309 3501 367 3567 Bp,
383 3505 451 3566 quod
464 3519 515 3553 aaa
529 3510 566 3552 est
580 3503 656 3551 liuius
671 3503 729 3551 iaci.
