2362 3938
113 196 190 251 XXX
510 193 727 249 PRAEFATIO.

115 359 200 424 baud
230 380 304 423 raro
333 380 352 422 a
380 357 495 422 ceteris
518 357 612 421 libris
635 355 864 438 manuscriptis
888 356 1063 440 discrepat,
1092 363 1130 422 ut

115 469 154 511 ex
178 446 353 512 altofonte
378 451 474 530 atque
498 446 549 509 illi
567 444 697 507 fluxisse
716 443 870 509 videatur.
908 443 1020 529 Neque
1040 448 1129 511 enim

113 536 268 600 lectiones
297 537 366 600 eius
395 533 638 617 interpolatoris
665 553 797 595 manum
821 533 920 598 olent.
967 532 1029 598 Sed
1053 557 1127 600 cum

114 625 213 708 liber,
242 647 281 688 ex
310 645 373 708 quo
403 622 636 705 transscriptus
664 622 727 703 est,
756 642 859 704 neque
889 625 995 685 aetate
1022 645 1128 708 neque

114 713 223 778 indole
257 712 471 796 archetypum
504 733 530 774 ω
564 713 695 792 aequet,
727 708 796 791 ipse
831 731 957 795 quoque
989 713 1128 777 minoris

115 800 284 866 habendus
304 804 362 884 est,
384 822 480 885 quam
500 798 625 863 codices
643 797 682 879 L,
700 796 743 880 B,
762 796 801 882 d,
820 798 867 863 M.
905 798 1127 866 Nihilominus

115 911 152 955 eo
177 911 273 973 saepe
295 889 345 953 usi
371 910 495 972 sumus,
522 889 560 950 ut
583 886 718 949 aliorum
741 885 899 950 librorum
924 889 1041 952 menda
1064 891 1128 953 tol-

114 979 268 1061 leremus,
298 977 431 1041 lacunas
462 975 674 1060 exploremus.
724 972 832 1039 codex
861 975 904 1059 P,
936 977 963 1040 si
993 998 1057 1041 non
1087 1000 1126 1041 ex

114 1067 186 1149 ipso
211 1065 320 1131 codice
340 1063 373 1147 O,
396 1087 468 1129 cum
493 1085 557 1149 quo
577 1064 766 1146 plerumque
789 1066 958 1147 consentit,
980 1070 1127 1130 attamen

115 1175 154 1217 ex
178 1154 246 1218 eius
265 1153 442 1238 archetypo
466 1153 516 1217 vel
540 1173 577 1216 ex
596 1150 680 1215 libro
705 1151 744 1216 de
761 1151 823 1216 hoc
840 1153 1000 1235 pendente
1018 1158 1126 1219 trans-

115 1242 253 1325 scriptus
275 1245 334 1325 est3
359 1242 555 1326 aliquotiens
573 1239 724 1304 librarius
748 1239 866 1305 codicis
889 1240 976 1305 illius
1000 1264 1058 1307 suo
1078 1244 1125 1306 in·

112 1330 207 1414 genio
230 1329 334 1394 fretus
362 1329 535 1395 lectionem
558 1332 744 1410 corruptam
769 1350 885 1394 sanare
908 1334 1041 1396 conatus
1066 1337 1125 1396 est.

113 1417 219 1483 Huius
239 1419 394 1483 lectiones
418 1419 482 1483 nisi
507 1418 547 1483 ad
569 1420 695 1480 textum
719 1418 952 1483 emendandum
976 1420 1028 1483 vel
1052 1442 1125 1485 oon·

113 1507 310 1572 stituendum
336 1507 459 1591 aliquid
481 1507 588 1572 facere
611 1504 806 1591 riderentur,
828 1528 892 1571 non
917 1508 1078 1574 adnotavi.

202 1702 372 1769 Editiones
397 1702 555 1787 epistolae
579 1703 620 1767 ab
640 1703 826 1767 Alexandro
850 1702 890 1765 ad
911 1699 1122 1768 Aristotelem

112 1790 252 1875 scriptae
276 1792 357 1857 mihi
379 1792 595 1856 innotuerunt
616 1792 690 1857 bae:

203 1915 236 1998 1)
259 1914 405 1980 Venetiis
431 1916 527 1982 1499.

200 2001 236 2089 2)
260 2004 372 2068 Editio
395 2003 594 2068 Basileensis
614 2002 718 2068 Curtii
737 2003 811 2067 Rufi
834 2002 991 2068 historiae
1016 2005 1124 2069 addita

112 2092 197 2173 apud
221 2091 421 2155 Henrichum
446 2093 535 2155 Petri
557 2090 707 2155 MDLVI.

200 2176 235 2264 3)
260 2178 409 2262 Lugduni
422 2178 621 2243 Batavorum
635 2176 848 2259 MDLXXIII,
863 2180 1034 2244 coniuncta
1050 2202 1122 2244 cum

110 2265 222 2330 Curtio
245 2265 330 2330 Rufo
355 2266 439 2330 edito
464 2289 483 2330 a
507 2264 743 2349 Christophoro
766 2264 886 2330 Bruuo.

198 2351 234 2439 4)
259 2352 435 2418 Alexandri
465 2353 576 2435 Magni
610 2353 750 2435 epistola
781 2353 820 2416 de
852 2353 918 2416 situ
947 2353 1057 2417 Indiae
1088 2362 1122 2421 et

109 2442 264 2506 Itinerum
287 2443 321 2505 in
345 2463 382 2505 ea
405 2443 560 2505 vastitate
585 2441 624 2505 ad
644 2442 853 2506 Aristotelem
876 2446 1120 2524 praeceptorem

109 2553 205 2683 lulli
228 2526 1043 2683 lttlttttt1{tlttttttstltltt?
1045 2534 1122 2686 tlt·

109 2707 184 2771 inde
202 2705 410 2790 inspersit...
438 2706 586 2770 Andreas
605 2705 771 2771 Paulini.
800 2704 936 2771 Gissae
958 2709 1052 2772 1706.
1077 2709 1120 2775 8⁰.

199 2794 528 2881 5)Narrati11neulae
553 2792 679 2880 anglice
703 2796 918 2879 conscriptae,
947 2796 985 2859 de
1009 2819 1121 2882 perga-

110 2884 212 2948 menis
237 2884 454 2967 exscribebat,
482 2885 570 2948 notis
599 2884 799 2968 illustrabat,
827 2884 962 2948 eruditis
992 2886 1119 2968 copiam

109 2974 249 3038 faciebat
286 2972 320 3036 Τ.
358 2971 525 3037 Oswaldus
562 2971 783 3056 Oeclrayne,
824 2970 866 3036 M.
906 2974 945 3038 A.
983 2971 1120 3038 Cantab.

108 3062 267 3128 London
301 3061 393 3126 1861.
427 3058 470 3127 8⁰.
521 3061 561 3125 In
590 3063 718 3145 paginis
749 3061 884 3126 51-62
914 3061 1010 3125 huius
1043 3062 1119 3126 libri

109 3151 229 3236 legitur
246 3150 399 3234 Epistola
417 3151 592 3214 Alexandri
617 3151 704 3214 edita
727 3171 764 3214 ex
788 3149 896 3214 codice
920 3149 1025 3214 Musei
1049 3150 1120 3214 Bri·

108 3240 233 3304 tannici
256 3237 341 3304 Oott.
365 3238 452 3303 Nero
477 3238 515 3302 D.
535 3237 632 3323 VIII,
655 3239 710 3322 qui
733 3259 770 3302 ex
795 3238 903 3302 codiee
927 3261 947 3302 a
970 3239 1065 3305 nobis
1085 3239 1125 3302 H

110 3327 292 3411 significato
316 3328 447 3391 fluxisse
469 3327 603 3391 videtur.

196 3449 323 3513 Harum
347 3450 525 3515 edItionum
551 3471 631 3533 quas
654 3449 794 3534 inspexi,
818 3450 1025 3534 Basileensis,
1049 3448 1119 3513 Gis-

108 3537 222 3621 sensis,
245 3537 461 3602 Londinensis
485 3539 606 3603 nullius
630 3537 696 3602 fere
719 3540 816 3621 pretii
840 3543 923 3603 sunt.
969 3540 1021 3604 Ad
1045 3560 1115 3602 con-

975 3870 1104 3898 Α..
