2362 3938
107 200 170 266 146
292 286 299 299 ι
521 201 629 257 LIBER
646 201 693 256 III.

104 365 320 431 internuntius
342 365 406 430 huo
430 364 566 430 adveni?
602 362 782 448 Arragina
803 366 880 447 post
902 365 999 429 haec:
1025 365 1119 432 ‘Esto

104 453 205 538 sane,'
236 454 356 538 inquit,
384 452 583 539 ‘Antigonus
614 452 699 536 apud
727 456 865 533 eeteros,
895 453 977 517 mihi
1009 458 1120 519 tamen

103 564 189 608 nune
212 541 397 608 Alexander
423 564 479 606 rex
507 541 580 606 eris.
625 541 739 626 Neque
762 541 908 606 nesciens
936 542 969 606 id
997 541 1120 628 habeo;

104 632 192 698 haud
223 631 368 697 differam
399 628 653 714 probationem'
707 629 752 694 Et
782 651 855 694 eum
886 630 973 695 dioto
1005 633 1121 715 adpre-
1139 644 1178 695 61.

77 719 249 789 shendens
279 721 313 784 in
346 719 459 805 penita
485 719 634 804 perducit
670 719 810 802 olimque
842 720 1009 802 provisam
1039 722 1119 786 ima·

105 810 215 896 ginem
240 809 392 875 ostendit.
437 806 653 892 ‘Agnoscisne
660 805 680 891 ,'
711 807 771 890 ait,
799 805 997 872 ‘Alexandri
1021 809 1120 894 illius,

104 921 200 983 quem
223 899 354 964 mentiri
377 920 444 962 non
466 900 574 981 potes,
603 895 743 961 faeiem?
789 894 852 961 Sed
883 895 1040 981 quidnam
1073 900 1120 963 in·

104 989 268 1053 tremuisti
290 991 359 1051 tam
378 986 503 1069 trepide
523 985 641 1069 quidve
660 985 804 1048 turbaris
829 1006 867 1048 ex
885 984 1001 1048 vultu?
1044 985 1120 1051 Non

104 1077 160 1140 ille
179 1081 216 1140 tu
234 1074 407 1140 Persarum
425 1079 542 1157 potens
562 1073 619 1137 es?
642 1094 707 1152 non
727 1072 840 1138 Indiae
861 1073 1033 1138 dominus?
1053 1099 1120 1140 non

64 1165 158 1247 requi
190 1165 255 1227 iam
289 1164 446 1227 orientem
480 1182 609 1225 omnem
642 1161 835 1244 trophaeum
867 1165 960 1226 tuum
993 1162 1121 1250 feceris,

102 1251 232 1315 Parthis
257 1254 290 1313 et
312 1248 415 1313 Medis
438 1246 652 1331 imperitans?
693 1250 747 1312 An
770 1272 846 1315 vero
870 1254 902 1314 te
926 1250 1026 1334 pudet
1049 1253 1119 1316 sine

101 1338 221 1402 militia
243 1338 295 1402 vel
319 1335 524 1420 expeditione
551 1337 585 1400 in
612 1358 728 1400 manus
756 1339 896 1403 feminae
925 1339 1119 1405 devenisse?

102 1426 208 1502 Quare
231 1426 351 1504 conice,
376 1446 507 1508 quaeso,
531 1424 607 1507 quid
630 1428 662 1488 te
687 1425 807 1491 iuverit
828 1432 886 1491 tua
909 1427 968 1491 illa
991 1429 1119 1494 famosa

101 1515 286 1600 prudentia,
314 1535 387 1578 eum
414 1534 499 1577 nuno
523 1511 705 1577 Candaoem
732 1516 783 1579 tui
810 1516 928 1581 videris
957 1518 1118 1583 sollertio-

61 1631 88 1672 rs
102 1627 180 1669 rem.
229 1603 320 1679 Quod
350 1601 451 1685 igitur
478 1601 541 1665 huo
573 1602 706 1685 attinet,
738 1603 965 1689 adrogantiam
996 1606 1116 1670 nimiae

101 1691 293 1775 prudentiae
317 1692 382 1754 iam
406 1689 581 1773 deponito?

192 1778 250 1843 39.
287 1778 378 1844 Haeo
411 1779 469 1844 illa
502 1780 627 1846 dicente
659 1800 718 1844 neo
745 1781 838 1844 vultu
866 1785 1015 1845 constare
1040 1783 1116 1847 Ale·
1136 1791 1178 1842 62.

100 1868 231 1952 xander,
254 1869 332 1952 quin
356 1869 454 1933 etiam
478 1868 660 1934 infrendere
684 1869 835 1934 dentibus
854 1870 1033 1935 videbatur.
1072 1871 1119 1937 Et

102 1957 215 2043 regina
242 1957 429 2023 subridens:
459 1956 560 2033 ‘Quid
588 1962 620 2022 te
648 1956 763 2042 iuvat,'
793 1959 911 2041 inquit,
935 1958 1032 2023 ‘haee
1060 1966 1119 2025 tua

61 2073 88 2114 so
102 2047 202 2113 taeita
230 2045 414 2132 indignatio
440 2046 487 2112 sie
514 2047 710 2111 saevientem
737 2047 803 2127 vel,
836 2047 863 2110 si
891 2048 1041 2130 mavelis,
1068 2050 1118 2112 in-

102 2133 317 2199 sanientem?
355 2135 406 2200 Ad
430 2135 510 2199 haee
534 2135 589 2198 ille
609 2133 697 2198 ‘Una
715 2134 925 2197 mihi—nam
945 2157 1022 2208 sane
1041 2159 1118 2217 pro-

100 2223 258 2287 fitendum
282 2227 332 2288 est
346 2222 396 2270 -'
422 2223 477 2306 ait,
501 2222 563 2286 ‘vel
583 2222 725 2286 maxima
743 2222 923 2305 indignatio
944 2225 1002 2301 est,
1027 2226 1118 2302 quod

100 2310 181 2375 mihi
205 2312 335 2397 gladius
358 2333 448 2375 meus
472 2312 534 2377 huo
558 2332 665 2375 eomes
689 2331 755 2372 non
783 2307 853 2379 sit',
893 2307 954 2369 ‘Et
982 2309 1116 2374 cuinam

100 2398 195 2482 usui,'
214 2401 329 2485 regina
342 2399 517 2483 respondit,
536 2398 693 2483 ‘gladium
707 2397 766 2460 tibi
785 2415 871 2458 nune
885 2394 1077 2477 requisisses
1085 2398 1114 2461 P'

60 2517 86 2558 ss
100 2488 146 2551 At
174 2489 243 2552 ille:
274 2487 385 2563 ‘Quod
416 2487 500 2551 enim
528 2488 562 2550 in
590 2483 812 2551 huiuscemodi
840 2485 986 2565 tempore
1016 2488 1114 2568 atque

99 2578 196 2641 rebus
220 2578 329 2661 regale
354 2576 526 2640 admodum
550 2597 668 2639 munus
692 2573 783 2652 foret,
806 2571 980 2638 interfeeta
1003 2576 1035 2637 te
1060 2597 1114 2639 oo-

99 2665 212 2729 mitem
241 2686 292 2728 me
315 2664 512 2747 praemissae
535 2663 634 2727 morti
656 2660 871 2745 praestitisse,
900 2685 940 2726 ne
965 2663 1041 2747 quid
1070 2665 1114 2728 sit

99 2752 234 2838 foedius,
253 2748 545 2837 quod'praeterias
563 2754 696 2816 nostras
711 2750 833 2834 glorias
848 2752 1111 2816 obumbraverit?

100 2839 270 2926 ‘Aooipio,'
297 2841 404 2926 inquit
426 2839 585 2925 (landam,
609 2838 861 2924 ‘professionem
886 2841 1018 2927 dignam
1042 2842 1111 2905 viro

189 3075 205 3122 3
225 3086 297 3123 nuno
311 3067 345 3122 P.
365 3066 472 3121 nomini
485 3068 520 3122 A.
568 3074 585 3122 4
604 3070 653 3123 aut
672 3066 799 3121 differam
813 3068 849 3123 A.
870 3070 945 3122 haud
964 3068 1062 3122 differo
1078 3072 1111 3123 P.

98 3143 115 3192 5
135 3139 249 3207 poenita
260 3139 303 3196 A.
328 3138 468 3207 pervisam
487 3139 522 3194 A.
568 3145 582 3192 7
603 3156 685 3207 quem
704 3139 736 3194 P.
762 3154 846 3206 quam
865 3140 901 3192 A.
946 3145 962 3192 8
981 3140 1039 3191 tam
1058 3142 1113 3192 tre·

98 3209 166 3278 pide
189 3226 240 3264 om.
261 3209 295 3264 P.
333 3209 407 3263 Num
432 3206 481 3262 ille
504 3211 651 3264 Persarum
671 3210 705 3263 P.
793 3215 827 3262 10
847 3209 983 3263 orientem
1001 3225 1112 3263 omnem

99 3280 174 3334 Mai.
212 3279 348 3334 orientem
368 3296 450 3335 omne
468 3279 504 3333 A.
545 3280 620 3335 Num
639 3280 707 3348 quid
725 3281 781 3334 iam
800 3279 830 3332 in
849 3280 957 3334 oriente
976 3294 1058 3331 omne
1078 3281 1110 3333 P.

99 3356 131 3404 11
152 3349 292 3420 imperans
313 3351 348 3405 P.
422 3356 456 3405 14
475 3351 553 3405 vides
574 3352 607 3406 P.
800 3402 802 3407 .

187 3421 235 3476 39.
263 3426 296 3476 19
316 3423 411 3477 tuaA.
430 3421 474 3477 tui
483 3423 516 3476 P.
553 3428 587 3476 23
606 3421 676 3475 mihi
695 3420 804 3490 gladius
824 3422 867 3476 bis
885 3421 1017 3488 seriptum
1036 3420 1067 3473 iu
1077 3420 1109 3474 P.

100 3496 135 3546 24
153 3492 270 3561 requiris
283 3492 316 3546 P.
360 3499 394 3548 27
414 3493 587 3563 praestitisse
597 3494 632 3550 A.
652 3490 856 3561 praestitissem
869 3491 902 3544 P.
942 3489 1110 3558 usucapio

98 3578 167 3617 corr.
186 3580 219 3618 ex
238 3563 343 3632 Aooipe
362 3563 399 3619 A.
