2362 3938
127 189 168 254 rc
468 186 498 242 c.
517 182 805 263 vetamentum

125 356 181 400 nec
204 356 263 417 qua
285 335 362 397 ualle
386 352 514 417 memor,
536 351 593 395 nec
617 350 677 412 quo
701 351 733 393 se
756 333 873 393 uertice
897 335 997 396 sistat.

126 425 260 487 lnacbias
283 442 387 486 errore
400 425 500 485 ctiam
522 421 657 483 defertur
680 420 716 482 ad
738 419 835 482 undas

127 514 222 594 qualis
246 521 276 574 et
299 531 316 573 a
337 514 433 591 prima
456 518 601 590 quantum
622 516 736 572 munta
753 506 895 570 iuuenca!

126 622 183 664 nec
205 609 291 682 pater
314 608 366 661 aut
387 599 521 679 trepidae
544 605 691 678 temptant
713 596 857 658 accedere
880 598 1042 678 nymphae.

128 710 200 770 ergo
223 693 334 751 iterum
357 688 460 770 siluas,
482 690 594 749 iterum
614 689 691 767 petit
713 688 795 747 inuia
817 693 900 747 retro
1017 685 1020 688 ’

128 799 184 840 cen
209 779 298 858 Styga
320 776 463 837 dilectum
485 775 603 856 lugiens
625 782 727 856 caput3
749 774 819 837 inde
841 792 898 854 per
921 774 1018 838 urbes

128 875 263 947 raptatur
287 865 389 926 Graias
412 865 509 943 adque
532 863 624 924 ardua
646 863 769 924 flumina
791 864 874 945 ripis,

128 955 227 1016 oblato
250 954 346 1014 donec
368 953 491 1032 paulum
514 958 652 1014 cunctata
673 950 823 1032 profundo

128 1043 246 1104 incidit:
270 1042 418 1102 absistunt
439 1041 549 1102 flnctus
572 1049 603 1102 et
625 1058 716 1120 gnara
739 1040 835 1101 futuri

128 1131 199 1192 dant
220 1130 335 1208 placida
357 1129 415 1189 alta
432 1131 525 1209 uiam3
549 1128 637 1189 celsis
659 1128 765 1208 procul
787 1130 852 1209 ipsa
874 1127 1008 1208 refulget

128 1217 269 1279 cornibus
292 1235 326 1277 ac
350 1235 464 1277 summa
487 1216 616 1295 palearia
639 1220 769 1278 sustinet
789 1216 877 1278 unda

127 1315 173 1366 ast
196 1304 286 1365 Erebi
308 1307 395 1383 uirgo
418 1304 511 1365 ditem
533 1304 615 1366 uolat
637 1305 757 1366 aethere
780 1303 933 1386 Memphin

127 1396 301 1473 praecipere
325 1401 355 1454 et
377 1391 485 1454 Pharia
506 1396 681 1455 uenientem
702 1393 814 1472 pellere
837 1400 928 1456 terra.

129 1490 233 1543 contra
255 1481 340 1542 Nilus
363 1481 448 1542 adest
470 1490 501 1543 et
523 1489 586 1543 toto
610 1485 728 1562 gurgite
751 1490 896 1561 torquens

129 1571 313 1651 Tisiphonen
336 1573 397 1650 agit
418 1570 515 1650 adque
538 1573 606 1631 imis
628 1569 727 1632 inlidit
749 1569 869 1631 harenis

129 1659 204 1721 Ditis
227 1678 316 1739 opem
338 1678 371 1720 ao
395 1662 476 1722 caeci
494 1660 670 1721 clamantem
693 1661 815 1720 numina
837 1661 932 1738 regni.

129 1756 273 1828 apparent
295 1766 475 1827 sparsaeque
498 1749 578 1809 laces
601 1747 784 1827 disiectaque
807 1746 894 1827 longe

128 1836 257 1897 uerbera
280 1844 310 1897 et
333 1836 467 1916 abruptis
491 1838 609 1898 excussi
632 1835 765 1897 crinibus
787 1835 883 1916 hydri.

129 1944 184 1986 neo
208 1924 288 1986 lonis
311 1927 427 1987 interea
449 1933 546 1986 cessat
568 1942 683 1986 manus.
728 1927 844 1985 intonat
866 1922 927 1985 alto

128 2016 289 2094 insurgens
312 2012 393 2074 caclo
416 2015 534 2093 genitor
557 2030 718 2091 curamque
742 2013 861 2094 latetur,
1091 2081 1093 2085 ,
1135 2077 1138 2081 ,

129 2111 218 2182 atque
242 2104 307 2181 ipsa
328 2103 489 2183 imperium
510 2101 584 2163 luno
608 2109 708 2181 pauet.
753 2101 827 2162 hacc
850 2100 958 2180 procul
980 2100 1013 2162 lo

129 2198 244 2270 spectat
266 2189 303 2250 ab
326 2208 395 2251 arce
418 2189 508 2251 Phari
530 2193 589 2251 iam
611 2190 691 2251 diuis
713 2189 812 2250 addita
834 2191 953 2269 iamque

129 2277 230 2358 aspide
253 2281 355 2339 uincta
377 2296 477 2340 comas
501 2286 531 2339 et
553 2281 655 2339 ouanti
677 2296 804 2357 persona
827 2279 959 2345 sinistro.

128 2365 304 2444 Bosphoron
326 2366 396 2427 hinc
419 2375 540 2428 ueteres
562 2368 690 2428 errantis
713 2369 834 2428 nomine
854 2366 943 2428 diuae

128 2453 300 2531 uulgauerc.
346 2457 431 2515 iuuet
453 2463 574 2516 nostros
597 2474 678 2517 nunc
700 2457 766 2535 ipsa
787 2454 906 2516 labores
977 2457 980 2460 ⁴

128 2543 319 2620 immissisque
341 2550 438 2602 ratem
460 2561 514 2602 sua
536 2562 591 2621 per
614 2545 691 2605 lreta
713 2543 859 2623 prouehat
881 2538 984 2606 auris?

173 2627 301 2690 Dixerat.
348 2637 378 2690 et
400 2628 508 2708 placidi
531 2630 693 2692 tendebant
716 2631 837 2693 carbasa
859 2633 952 2694 uenti.

128 2725 250 2796 postera
271 2735 332 2777 non
355 2735 456 2778 cassae
479 2716 585 2798 Minyis
608 2719 724 2781 Aurora
746 2722 855 2782 retexit
964 2798 969 2802 .

128 2808 225 2868 noctis
248 2808 319 2886 iter3
342 2825 420 2867 nona
443 2814 552 2868 cuncta
574 2807 679 2870 uident
701 2809 882 2889 Thyneaque
904 2811 989 2870 iuxta

128 2895 216 2957 litora
239 2894 350 2957 fatidici
371 2897 477 2977 poenis
500 2895 653 2960 horrentia
675 2897 788 2960 Phinei.

128 2985 191 3046 dira
215 2984 305 3046 deum
328 3003 504 3064 summoque
527 2984 592 3047 lues
615 2986 741 3064 urgebat
763 2987 794 3047 in
817 3003 900 3047 aeuo.

128 3075 237 3155 quippe
261 3092 359 3153 neque
383 3082 533 3135 extorrem
555 3082 672 3136 tantum
694 3093 751 3136 nec
773 3073 849 3136 lucis
872 3081 1011 3153 egentem

127 3164 251 3241 insuper
269 3161 413 3242 Harpyiae
437 3162 619 3245 Typhoides,
640 3165 685 3224 ira
707 3165 845 3245 tonantis,

128 3248 309 3328 depopulant
330 3253 455 3330 ipsoque
479 3250 569 3332 dapes
592 3250 773 3329 praedantur
795 3250 832 3311 ab
856 3269 916 3311 ore.

127 3335 196 3396 talia
218 3337 353 3416 prodigia
376 3345 405 3399 et
427 3337 502 3398 tales
524 3357 581 3418 pro
604 3341 728 3400 crimine
750 3356 862 3418 poenas

126 3426 303 3501 perpetitur.
350 3444 418 3506 spes
441 3441 500 3486 nna
523 3429 601 3508 seni,
625 3425 705 3506 quod
727 3424 838 3504 pellere
862 3441 983 3486 saetmm
1085 3498 1088 3504 .

128 3509 276 3588 quondam
299 3514 358 3573 lata
379 3512 460 3574 luem
482 3512 626 3574 dederant
643 3511 788 3591 Aquilone
810 3513 927 3571 creatis.
