2362 3938
403 159 521 216 AOTUS
540 161 765 221 ALEXANDRI.
1035 165 1079 229 97

64 329 172 392 autem
204 347 277 391 cum
309 325 405 410 longe
437 324 645 409 tranquillius
678 324 866 410 doctiusqne
895 325 1078 395 Alexander

64 415 258 481 Macedones
281 415 316 479 in
335 435 456 479 cornua
473 412 701 498 protendisset,
723 414 793 497 ipse
810 413 998 499 Bucephala
1018 439 1076 483 suo
1113 462 1116 467 -

63 507 175 569 vectus
200 502 417 587 imperatoriis
436 501 552 568 officiis
570 501 775 586 fungebatur.
812 501 958 568 Tandem
975 505 1077 590 igitur

63 593 218 657 bellicum
239 592 321 657 lituo
338 590 545 675 praecinente
563 589 635 674 pari
655 591 817 675 utrimque
833 612 990 674 procursu
1007 615 1080 676 par·

64 685 113 746 tes
133 682 169 744 in
189 701 258 745 sese
273 682 476 764 procurrunt
511 677 719 763 Primumque
739 680 825 744 saxis
844 701 882 744 ac
901 681 1108 747 missilibuss

65 769 210 852 iaculati,
229 791 305 834 mox
324 769 455 834 ensibus
470 769 569 832 etiam
584 767 705 832 strictis
725 768 904 834 comminus
918 770 1081 855 proelian-

65 863 127 923 tur.
165 856 272 922 Multa
290 857 427 943 denique
446 856 510 922 diei
528 859 621 940 parte
639 860 841 940 consumpta,
859 857 916 922 ubi
934 880 1000 924 non
1018 859 1081 924 dis-

66 947 213 1012 criminis
236 946 402 1030 parilitate
421 943 570 1029 protrahi
587 944 710 1010 bellum
728 945 848 1011 Darius
870 944 962 1031 vidit,
980 949 1082 1012 enim-

65 1057 142 1100 vero
168 1035 254 1119 quod
278 1056 379 1099 unum
402 1034 435 1099 id
458 1055 569 1098 morae
591 1031 823 1100 Macedonibus
846 1034 1020 1120 videratur,
1045 1041 1083 1102 ut

66 1124 228 1189 metendis
259 1121 397 1188 Persicis
435 1122 594 1187 militibus
626 1123 854 1188 tantummodo
887 1124 1082 1206 laborarent,
1096 1147 1123 1188 ro

67 1234 131 1298 quo
156 1234 208 1277 res
226 1212 361 1296 periculi
380 1211 536 1294 tenderet,
558 1209 646 1275 haud
665 1209 761 1276 dubie
779 1212 1011 1296 interpretatus
1034 1215 1082 1280 fu·

68 1323 142 1387 gam
167 1302 308 1384 capessit
338 1305 371 1365 et
398 1321 495 1365 cursu
524 1320 608 1383 sese,
636 1320 733 1383 qnam
760 1301 942 1384 properiter
963 1307 1083 1387 posset,

67 1390 294 1474 praesentibus
324 1390 452 1454 liberat.
503 1386 678 1472 Strangam
709 1386 847 1475 denique
878 1391 975 1454 etiam
1005 1395 1083 1457 tune

69 1481 209 1544 stratum
236 1478 434 1542 firmitudine
462 1476 633 1560 perviabili
660 1477 857 1543 transmittit
888 1482 984 1563 atque
1017 1480 1084 1544 exit

68 1570 101 1632 et
130 1568 201 1651 ipse
229 1566 360 1650 quidem
383 1567 446 1631 iter
474 1565 515 1630 ad
543 1565 669 1650 regiam
696 1570 861 1650 properat.
905 1565 977 1630 Iam
1005 1588 1082 1633 vero
1097 1587 1124 1630 1⁶

68 1656 209 1719 turbatis
234 1654 373 1720 Persicis
400 1654 511 1732 rebus,
539 1675 613 1719 cum
643 1674 756 1718 omnes
780 1654 903 1739 pariter
930 1654 1008 1720 illae
1033 1657 1085 1721 tot

68 1744 265 1829 phalanges,
294 1765 375 1827 quae
400 1746 510 1808 tamen
532 1743 611 1807 ferri
634 1740 843 1828 hostiumque
865 1743 1010 1807 nondum
1034 1765 1085 1809 ex·

69 1836 182 1916 partae
207 1836 324 1914 essent,
348 1831 388 1896 ad
413 1831 549 1896 eundem
571 1830 700 1895 alveum
724 1830 848 1896 avidius
868 1830 1084 1917 advenissent,

70 1921 137 1985 sive
163 1943 201 1984 ex
224 1921 283 1985 illa
300 1920 483 2007 fragilitate
501 1923 638 1984 naturae
659 1919 727 1983 sive
745 1919 929 1985 inconsulto
954 1921 1085 2006 agmine

69 2011 191 2093 pariter
209 2010 367 2094 inruente,
392 2007 535 2094 Stranga
559 2030 652 2072 suum
673 2007 816 2073 officium
835 2008 944 2074 deficit
961 2009 1083 2094 ingres·
1098 2030 1125 2071 ao

70 2120 187 2183 sosque
208 2098 388 2182 submergit
410 2119 595 2181 omnesque,
618 2117 699 2182 quos
718 2097 810 2162 alveo
830 2100 1006 2182 acceperat,
1031 2119 1085 2163 ne·

71 2189 132 2250 cat.
188 2186 343 2271 Reliquos
370 2208 468 2270 porro
496 2185 634 2251 insecuti
662 2184 853 2251 Macedones
881 2186 1086 2271 obtruncant,

70 2297 128 2340 nec
152 2274 220 2339 fere
244 2275 281 2338 fit
305 2275 428 2358 aliquid
457 2296 496 2339 ex
523 2275 588 2339 illis
612 2275 763 2339 omnibus
786 2275 915 2360 reliqui,
944 2297 1007 2360 quo
1036 2298 1087 2341 se·

71 2386 164 2428 mesa
183 2367 338 2448 curtaque
352 2363 532 2428 Alexandri
550 2363 688 2428 victoria
704 2363 875 2434 videretur.
906 2364 988 2429 Tum
1008 2385 1085 2450 ergo

72 2452 192 2516 Darius
218 2454 306 2517 omni
335 2473 392 2536 spe
416 2453 551 2517 meliore
574 2451 723 2535 deposita
750 2474 824 2517 cum
846 2454 1014 2537 ingressus
1037 2475 1085 2519 re·
1099 2472 1126 2515 rs

72 2542 160 2625 giam
180 2563 272 2607 suam
287 2540 379 2605 humi
397 2562 467 2606 sese
481 2540 695 2605 eiulabundus
709 2541 940 2606 miserabiliter
954 2563 1087 2625 prorsus

74 2634 105 2693 et
123 2630 305 2714 ignobilius
325 2629 567 2710 constravisset,
578 2629 757 2694 maerebat
775 2631 906 2714 quidem
925 2635 958 2694 et
976 2652 1087 2696 eorum

73 2724 209 2802 mortes,
239 2719 294 2802 qui
323 2718 386 2784 sibi
410 2719 490 2783 adeo
513 2718 656 2783 infauste
680 2718 893 2803 militassent,
923 2719 1091 2784 maerebat·

73 2809 170 2872 etiam
193 2807 347 2871 damnum
366 2808 468 2892 regni,
490 2807 574 2890 quod
593 2807 633 2871 ad
657 2807 774 2871 incitas
794 2807 987 2886 deduxisset,
1009 2810 1088 2871 tunc

162 2963 407 3018 2MacedonasP.
432 2963 638 3032 praetendisset
648 2964 682 3016 P.
704 2962 867 3032 Bucephala
875 2962 982 3030 scripsi.
1000 2962 1088 3016 Buce-

73 3034 158 3103 phalo
168 3034 202 3087 P.
210 3034 241 3088 T.
280 3033 493 3102 3imperatoris
501 3034 532 3088 T.
565 3033 748 3100 4utriqueP.
781 3032 934 3101 ltprimum
948 3031 1087 3084 xauxisP.

75 3111 90 3159 6
108 3105 251 3174 proeliant
260 3107 294 3160 P.
359 3111 374 3159 7
393 3105 490 3159 Multis
512 3105 632 3172 denique
655 3104 690 3157 de
712 3104 792 3170 parte
810 3101 982 3169 consumptis
995 3101 1026 3152 T.
1053 3101 1088 3155 de

75 3179 194 3244 utraque
212 3179 294 3246 parte
315 3177 390 3231 Mai.
452 3175 559 3230 8vidit
585 3175 616 3228 Τ.
643 3174 723 3227 iubet
740 3172 774 3226 P.
835 3169 1036 3227 romesiensis
1056 3171 1088 3224 Τ.

77 3251 106 3300 11
123 3265 209 3314 quam
223 3264 283 3301 rem
296 3245 416 3316 periculi
429 3246 544 3301 tendere
553 3246 583 3300 Τ.
618 3251 650 3299 12
664 3246 698 3298 ut
711 3259 793 3297 cursu
807 3240 1044 3297 sese—liberaret
1054 3241 1089 3296 Ρ.

78 3323 109 3371 14
128 3318 301 3372 firmitudine
318 3319 349 3372 T.
368 3317 533 3372 fortitudine
548 3316 580 3371 P.
623 3319 656 3369 16
674 3315 729 3370 iter
747 3330 797 3370 om.
817 3313 851 3367 P.
894 3318 927 3367 16
947 3311 1036 3366 omnis
1056 3313 1088 3367 P.

77 3395 108 3442 17
124 3391 255 3458 expartes
263 3389 296 3444 P.
335 3392 368 3442 18
382 3389 552 3443 adeundam
567 3388 678 3442 alveum
690 3384 799 3440 avidius
808 3384 987 3439 advenissent
995 3398 1046 3438 ora.
1056 3383 1089 3440 P.

78 3465 109 3512 19
128 3459 285 3530 fragilitate
307 3459 337 3516 T.
363 3459 502 3515 facilitate
521 3458 553 3514 P.
578 3455 874 3528 agminis—irruentis
894 3456 929 3508 P.
966 3460 1000 3509 23
1019 3470 1090 3525 quos

76 3545 183 3585 emersa
202 3532 359 3599 cunctaque
379 3529 411 3584 T.
484 3536 518 3584 27
538 3530 568 3585 ct
585 3546 634 3584 om.
657 3528 688 3583 Τ.
762 3533 796 3582 29
814 3526 929 3583 inscitae
947 3527 981 3583 P.

128 3629 214 3670 Icarus
228 3631 364 3672 Venustus.
914 3621 930 3672 '1
