2362 3938
418 201 534 257 AOTUS
552 200 778 259 ALEXANDRI.
1050 202 1093 268 89

79 365 121 429 ad
151 364 308 429 ultionem
340 385 439 447 quam
468 364 510 429 ad
540 365 794 431 misericordiam
827 370 925 450 queat
955 367 1094 433 flectere.

78 452 156 518 Non
179 454 279 538 igitur
303 452 383 517 adeo
406 456 573 538 pertaesos
598 454 675 519 deos
698 455 792 540 regni
816 455 880 519 mei
904 458 937 519 et
960 456 1093 520 orientis

80 542 132 607 sui
155 563 226 606 esse
250 541 336 606 sedis
360 542 526 628 existimo,
552 545 589 607 ut
617 543 658 607 ad
687 543 820 608 occidua
842 547 949 608 tecum
972 544 1094 626 pariter

79 630 254 715 migraturi
273 630 348 694 sint.
386 627 475 705 Quos
499 650 560 716 ego
582 633 693 712 [testes]
714 632 797 697 facio
817 631 952 716 iureque
975 632 1094 696 ultioni

78 741 171 785 meae
195 718 322 784 debitae
345 739 412 784 non
435 718 610 785 defuturos.
656 717 709 785 An
736 724 774 786 tu
798 723 894 805 putas
918 720 1037 785 servire
1060 723 1121 788 tes

79 808 161 874 mihi
186 808 304 872 artifici
331 808 396 872 isto
420 807 590 894 obsequio,
618 808 706 892 quod
733 809 830 873 metri
858 809 1028 894 coniugive
1056 829 1094 874 aa

80 897 193 962 liberis
216 896 298 960 meis
318 896 459 961 clemens
483 895 539 961 es?
580 896 739 981 Equidem
757 901 837 981 puto
856 902 994 962 matrem
1012 897 1095 962 mihi

80 987 115 1050 in
128 986 206 1050 deos
223 984 340 1069 abisse,
357 985 445 1050 filios
464 1006 541 1051 vero
559 1006 620 1051 nec
639 991 805 1070 susceptos
821 987 951 1070 quidem
965 985 1095 1069 habere,

81 1096 142 1139 nee
162 1073 332 1159 coniugem
350 1073 513 1139 habuisse.
551 1073 636 1150 Quin
655 1078 761 1161 magis
781 1075 890 1140 omnia
908 1075 990 1140 haec
1008 1073 1094 1140 ferro

82 1166 116 1227 et
138 1162 283 1227 vindicta
311 1164 537 1246 persecuturus
566 1184 646 1228 sum.
693 1162 819 1247 Quippe
848 1165 876 1229 si
905 1164 1027 1229 faceres
1057 1185 1094 1230 ac
1108 1188 1132 1229 ιο

81 1251 183 1316 velles
214 1272 326 1316 eorum
354 1250 492 1335 aliquid,
523 1250 609 1335 quod
638 1252 824 1318 iracundiae
854 1274 944 1318 meae
972 1253 1096 1318 mederi

81 1340 255 1425 potuisset,
282 1340 352 1422 ipse
381 1338 422 1403 ad
449 1360 501 1404 me
529 1340 664 1423 supplex
691 1341 817 1406 venires
847 1363 885 1406 ae
910 1343 1095 1427 poenitens3

81 1431 168 1495 foret
187 1429 283 1512 enirn,
304 1432 342 1492 ut
359 1431 505 1494 vertente
529 1429 716 1495 adveniam
736 1431 845 1494 animo
868 1430 920 1495 his
944 1434 977 1495 te
996 1431 1096 1495 hono-

81 1519 173 1582 ribus
200 1537 486 1600 prosequeremur,
519 1517 636 1602 quibus
665 1521 698 1582 te
729 1518 789 1583 diis
822 1520 996 1601 aequatum
1026 1539 1097 1582 esse

82 1606 291 1691 gratularere.
337 1604 431 1682 Quod
455 1605 484 1669 ei
506 1627 573 1671 non
595 1605 705 1690 facias,
729 1628 807 1671 sane
830 1607 970 1689 saevias,
994 1627 1132 1690 quan-15

81 1700 153 1759 tum
174 1695 320 1778 libuerit,
347 1695 383 1758 in
405 1714 504 1759 meos.
549 1692 663 1779 Neque
687 1695 774 1759 enim
803 1699 910 1760 mater
937 1698 993 1759 aut
1022 1714 1096 1759 con·

82 1784 138 1847 iux
160 1804 263 1866 neque
290 1783 383 1847 liberi
412 1782 517 1847 habiti
540 1784 729 1848 clementius
753 1782 795 1847 ad
818 1782 1096 1848 mansuetudinem

83 1893 134 1937 me
157 1875 404 1956 praevenerunt.
449 1871 560 1937 Habes
588 1872 691 1957 igitur
718 1871 873 1936 mandata
895 1871 975 1937 haec
999 1874 1096 1956 etque

82 1980 247 2045 suprema3
277 1958 487 2044 respondeto,
512 1955 599 2045 quod
624 1960 726 2043 voles,
756 1961 957 2044 alterumque
983 1963 1096 2043 optato

82 2050 133 2114 vel
158 2053 359 2133 exspectato,
382 2048 416 2113 id
439 2053 489 2113 est
511 2049 639 2114 veniam
662 2048 741 2113 mali
765 2071 807 2113 an
829 2046 989 2133 poenam?
1110 2073 1132 2116 ae

171 2136 262 2202 Haec
286 2159 360 2202 eum
382 2137 501 2202 laetior
524 2137 709 2202 Alexander
732 2137 875 2202 audisset
899 2138 1029 2222 suisque
1051 2138 1097 2202 le-

84 2228 196 2313 gisset,
214 2227 284 2310 ipse
303 2246 430 2311 quoque
443 2226 622 2310 respondit,
640 2247 708 2291 non
726 2227 833 2291 minus
854 2226 916 2292 sibi
931 2231 1097 2312 pertaesus

85 2337 155 2381 esse
170 2315 430 2398 vaniloquentias
450 2318 483 2380 et
500 2315 675 2380 iactantiae
693 2315 835 2399 barbari,
854 2336 951 2400 quam
967 2337 1098 2401 sperare

82 2405 176 2469 illum
208 2403 272 2469 diis
306 2425 433 2488 quoque
465 2402 592 2468 infestis
625 2403 705 2469 haec
737 2403 858 2488 dicere,
891 2405 1009 2490 quippe
1042 2403 1098 2488 qui

84 2495 204 2558 timens
229 2497 262 2557 et
284 2501 373 2557 metu
396 2491 538 2576 percitus
562 2493 781 2557 constantiam
804 2493 912 2558 verbis
935 2493 1097 2558 inconsul·
1111 2517 1132 2559 rr

84 2583 224 2647 tioribus
246 2581 401 2667 fingeret,
427 2601 540 2644 verum
568 2584 680 2665 ageret
707 2603 775 2646 rem
803 2581 959 2647 timentis.
1005 2580 1099 2658 Quod

84 2692 162 2823 ssge
186 2669 333 2822 aslflecgus
352 2669 421 2823 aisis
444 2670 855 2824 eorumquehreveresrttism
875 2673 1010 2822 spestet,
1031 2690 1100 2823 ngn

116 2781 186 2824 ano
253 2781 273 2822 u
339 2778 373 2823 se
423 2779 585 2823 commum
639 2780 749 2824 umam
765 2781 813 2824 ar
864 2781 936 2824 raes
954 2780 1025 2824 aru·
1081 2777 1099 2820 e

85 2851 194 2912 tamen
213 2808 364 2931 protinus
388 2846 428 2911 ad
451 2846 558 2930 ipsum
582 2868 652 2912 esee
671 2781 863 2931 venturum?
876 2846 973 2913 modo
997 2846 1026 2911 si
1045 2844 1099 2909 ad-

85 2941 203 3002 ventus
226 2936 281 2999 ille
301 2933 417 3000 ceteris
436 2933 546 3000 Persis
565 2936 717 3019 placeret,
740 2935 857 3019 quibus
877 2935 988 3018 utique
1006 2953 1097 3016 prae·
1112 2945 1132 2997 et

84 3026 182 3090 terite
216 3025 436 3108 experimenta
468 3022 676 3107 displiceant3
710 3043 810 3106 quare
849 3044 868 3087 a
905 3043 939 3087 se
972 3040 1099 3103 quoque

175 3293 273 3342 besse
297 3285 371 3341 sedis
394 3285 452 3341 Mr.
489 3300 520 3355 se
538 3285 616 3340 sedes
640 3285 674 3340 P.
712 3284 786 3338 sedis
810 3284 894 3338 deleri
915 3281 974 3337 vult
996 3277 1099 3336 Eberh.

87 3361 209 3413 lteetee
228 3358 293 3413 add.
303 3357 361 3411 Mr.
405 3361 421 3409 8
440 3355 654 3412 habereSehlee.
674 3356 765 3410 habeo
776 3354 808 3409 P.
852 3358 884 3408 10
903 3352 1100 3421 persecuturus

86 3432 192 3500 scripsi.
222 3431 437 3498 prosecuturum
457 3428 491 3483 P.
539 3432 572 3481 14
591 3427 742 3494 aequatum
762 3425 864 3480 Ebcrlr.
893 3423 1044 3493 equantum
1065 3421 1100 3476 Ρ.

89 3505 122 3554 18
139 3501 346 3569 praevenerunt
364 3499 397 3555 P.
421 3498 625 3567 praeverterint
642 3497 744 3552 Eberlr.
799 3501 832 3552 2⁷
852 3509 1004 3564 eorumque
1022 3507 1101 3549 reve·
1129 3504 1132 3531 ³

87 3571 206 3625 rentiam
225 3569 282 3627 Mr.
310 3586 407 3626 eorum
425 3568 584 3625 reverentie
602 3568 634 3624 P.
