2362 3938
122 167 167 231 66
468 165 498 220 C.
517 164 656 221 VALERI
672 163 803 221 rtaccl
888 193 891 196 ·

120 318 178 378 boc
201 330 317 397 nemus,
338 308 413 374 haec
436 313 523 374 sedes
545 313 619 374 mihi
640 315 700 373 iam
723 312 838 394 domus,
861 314 989 393 inproba
1013 335 1074 396 quo
1097 336 1137 378 mc

121 404 257 486 Nympha
279 404 359 483 rapit
381 419 487 463 saeuae
510 403 626 462 monitu
648 400 784 482 lunonis;
807 402 838 461 in
860 419 946 463 arces

122 511 203 556 nunc
225 492 307 553 louis
319 508 468 552 accessus
490 497 521 550 et
543 491 602 550 ianr
624 489 697 550 mibi
710 490 832 550 numina
855 490 930 551 caeli

123 582 261 644 conciliat
283 581 439 658 iungitque
462 585 545 639 toros
568 585 598 639 et
621 578 729 638 frontis
751 577 890 641 honores.

122 691 140 733 o
164 668 262 732 dolori
285 688 302 728 o
326 666 429 728 dulces
452 684 526 746 quas
549 668 696 745 gessimus
719 671 788 726 ante
811 666 985 746 pharetrae!
1105 683 1137 732 ao

122 764 182 820 iam
205 759 279 820 socii
303 756 388 817 laetis
411 762 577 835 rapuerunt
599 752 720 815 uincula
742 756 851 836 uentis,

122 849 259 909 hortator
280 853 440 926 postquam
461 844 549 904 iuriis
572 851 603 904 et
625 860 701 903 uoce
724 842 851 903 nefanda

122 935 231 1015 inpulit
254 932 391 994 Oenides.
437 949 545 995 uerum
568 949 637 992 cum
660 939 748 1009 gente
772 930 919 1010 domoque

123 1027 180 1084 ista
203 1021 266 1082 luet
289 1039 455 1098 saeuaeque
479 1020 606 1081 aderunt
629 1028 680 1080 tua
703 1021 825 1080 numina
848 1023 945 1081 matri.

122 1129 212 1189 surge
236 1127 289 1186 age
313 1111 397 1168 etin
420 1107 504 1168 duris
527 1106 599 1168 haut
621 1126 763 1188 umquam
785 1107 892 1189 deiicc3
916 1109 998 1170 caelo
1105 1123 1134 1173 35

122 1217 190 1259 mox
214 1196 311 1256 aderis
334 1203 424 1273 teque
448 1203 527 1280 astra
550 1196 662 1278 lerent3
685 1205 718 1257 tu
742 1214 861 1276 semper
883 1201 995 1258 amoris

122 1288 163 1346 sis
186 1301 301 1344 memor
325 1290 355 1343 et
378 1286 440 1343 cari
463 1285 580 1344 comitis
604 1303 642 1344 ne
666 1284 806 1346 abscedat
827 1280 945 1364 imago?

121 1372 230 1434 talibus
253 1378 389 1433 orantem
412 1371 499 1432 dictis
522 1374 651 1451 uisuque
675 1373 827 1434 fruentem

121 1462 170 1525 ille
193 1461 273 1523 ultro
297 1463 372 1541 petit
395 1469 425 1521 ct
448 1462 552 1522 uacuis
575 1460 760 1540 amplexibus
783 1463 875 1522 instat

122 1552 350 1632 languentisque
373 1558 476 1611 mouet
498 1551 610 1610 irustra
633 1551 788 1611 conamina
810 1549 945 1611 dextrae:
1101 1564 1133 1614 tu

122 1658 232 1720 corpus
255 1638 345 1698 hebet
367 1657 471 1700 somno
495 1639 658 1717 refugaque
681 1637 813 1699 eluditur
835 1637 950 1700 umbra.

121 1736 185 1788 tum
208 1728 351 1809 lacrimis
373 1736 437 1789 tum
460 1745 536 1788 uoce
559 1728 656 1807 sequi,
680 1734 745 1786 tum
766 1745 908 1806 rumpere
931 1737 1073 1810 questus3

121 1833 190 1876 eum
213 1834 303 1895 sopor
327 1824 357 1876 et
378 1835 457 1877 uano
480 1834 549 1895 spes
572 1823 683 1875 maesta
705 1814 868 1876 resoluitur
890 1824 969 1876 actu.

122 1904 234 1966 ssuctus
258 1904 295 1965 ab
320 1904 460 1965 undisoni
483 1923 539 1964 ceu
562 1905 640 1964 iorte
664 1903 817 1983 crepidine
840 1906 902 1965 saxi

123 2012 192 2055 cum
215 1996 292 2073 rapit
314 1993 474 2074 halcyones
499 1994 626 2053 miserae
649 1993 802 2071 letumque
825 1991 990 2075 laremque,
1104 2004 1136 2054 it

122 2085 145 2143 it
169 2100 259 2162 super
282 2100 371 2161 aegra
392 2100 502 2161 parens
525 2083 722 2160 queriturque
745 2080 931 2142 tumentibus
954 2081 1046 2144 undis

122 2179 204 2232 certa
227 2173 326 2252 sequi,
350 2188 540 2249 quocumque
564 2170 674 2250 lerant,
697 2169 845 2248 audetque
868 2178 1030 2251 pauetque,

122 2261 204 2319 uicta
227 2259 337 2320 fatiscit
361 2261 446 2338 aquis
469 2258 564 2318 donec
588 2258 694 2318 domus
717 2257 881 2337 haustaque
904 2258 999 2320 tluctu
1024 2268 1085 2341 est3

122 2346 172 2406 illa
195 2345 299 2406 dolens
321 2365 429 2408 uocem
452 2346 534 2407 dedit
557 2355 587 2407 et
611 2365 643 2407 se
667 2346 788 2407 sustulit
810 2346 872 2409 alis.

123 2433 196 2494 baut
219 2433 305 2493 aliter
328 2436 425 2494 somni
448 2442 580 2494 maestus
603 2433 694 2494 labor.
741 2433 823 2495 exilit
845 2452 948 2496 amens
1108 2448 1142 2498 tu

121 2522 285 2600 effusisque
308 2539 399 2600 genas
421 2522 552 2581 lacrimis
575 2524 660 2599 rigat.
706 2517 840 2583 ‘ibimus'
863 2524 970 2604 inquit,

123 2605 217 2670 ‘solus
242 2609 349 2670 ethos
372 2617 490 2669 montes
513 2608 691 2687 desertaque
714 2611 807 2671 lustra
831 2611 956 2692 tenebis,

121 2715 189 2758 care
213 2716 302 2779 puer,
325 2715 380 2758 nec
404 2715 454 2757 res
477 2696 557 2757 ultra
578 2696 727 2757 mirabere
750 2694 901 2760 nostrasi'

119 2786 192 2847 haec
215 2787 293 2848 latus
316 2785 480 2865 relegitque
503 2788 572 2846 uias
595 2794 625 2846 et
647 2785 775 2847 uallibus
797 2789 859 2848 exit

117 2877 264 2956 incertus,
288 2875 358 2955 quid
380 2874 455 2936 luno
478 2875 569 2956 ferat,
592 2893 666 2954 quas
689 2882 811 2957 apparet
834 2877 902 2937 iras.
1103 2889 1136 2940 5⁶

118 2981 174 3024 nec
198 2966 297 3025 minus
321 2974 351 3026 et
374 2966 471 3026 socios
495 2965 593 3026 cernit
614 2964 719 3043 procul
742 2983 872 3043 aequore
895 2966 969 3025 ferri

118 3055 297 3132 praecipites
320 3056 503 3133 tacitumque
526 3053 619 3134 pudet
640 3053 774 3132 potuisse
798 3053 935 3132 relinqui

163 3139 284 3219 lamque
306 3143 364 3202 iter
387 3143 424 3203 ad
447 3143 580 3204 Teucros
604 3141 700 3220 adque
722 3141 839 3224 hospita
862 3142 980 3204 moenia
1003 3141 1125 3206 Troiae

117 3225 249 3307 flexerat
264 3227 345 3289 lliaci
368 3239 509 3309 repetens
531 3232 678 3309 promissa
700 3232 833 3311 tyrannl3

117 3331 187 3376 curn
210 3323 323 3376 maesto
346 3316 458 3378 Latona
481 3316 570 3378 simul
592 3318 743 3394 Dianaque
767 3319 855 3379 uultu
1102 3329 1137 3390 so

116 3408 185 3461 ante
210 3402 311 3462 ionem
334 3406 417 3465 stetit
440 3413 471 3466 et
494 3404 618 3484 supplex
641 3407 685 3464 sic
708 3405 788 3463 latur
810 3402 929 3480 Apolloz

114 3484 159 3548 ‘in
183 3505 272 3567 quem
295 3489 385 3553 alium
408 3492 543 3574 Alciden,
566 3494 597 3552 in
621 3508 696 3569 quac
720 3491 779 3548 iam
803 3497 936 3566 tempora
959 3490 1064 3554 didcrs
