2362 3938
114 160 178 225 600
298 180 644 218 nou1r11vce1nu1rnnoia.
663 163 749 218 XXII.
768 169 882 238 25—32.

115 317 190 382 rum,
206 313 270 367 item
283 311 328 382 qui
341 311 367 366 in
378 309 631 382 re(moneipotione
646 318 721 382 suut,
739 329 756 367 o
767 317 894 383 parente
907 328 970 370 eum
981 313 1066 369 lider-

114 401 173 451 tote
187 395 307 451 heredes
322 395 446 466 scriptor
459 401 581 465 praetor
595 411 712 453 suorum
726 397 790 452 loeo
805 395 908 460 huden
927 400 1024 469 itaque
1040 404 1066 453 et

113 481 185 552 thais
200 478 362 535 abstinendi
373 485 502 549 potestus
517 476 623 553 datur).

180 555 246 621 ¹2⁶.
270 560 417 617 Extraneus
439 562 518 617 heres
545 561 676 635 siquidem
699 578 760 619 curn
787 562 908 618 cretione
930 563 967 619 sit
989 564 1068 621 heres

114 647 266 718 institutus,
278 644 413 702 cernendo
425 643 455 700 ht
467 645 560 719 heres;
577 648 600 702 si
613 662 680 702 nero
691 646 748 702 sine
760 646 890 717 cretione,
905 663 956 719 pro
968 647 1067 704 herede

115 730 246 804 gerendo.
283 725 333 788 26.
358 721 424 784 ²Pro
440 729 539 785 herede
554 730 635 803 gerit,
656 731 702 803 qui
717 729 798 786 rebus
814 716 984 786 hereditariis
1000 740 1065 787 tam-

116 813 336 887 quemdominus
353 814 452 883 utitur,
472 812 547 870 uelut
564 815 609 886 qui
624 815 776 870 auctionem
792 827 881 869 rernrn
894 813 1067 871 hereditaria-

115 913 175 954 rum
197 897 276 968 iacit,
303 904 348 952 aut
371 898 459 952 seruis
481 896 649 953 hereditariis
673 896 769 953 cibaria
791 896 844 953 dat.
887 892 934 956 27.
958 889 1067 953 ³Cretio

116 990 156 1036 est
173 989 307 1037 certorum
324 979 428 1034 dierum
444 982 575 1053 spatium,
599 979 671 1054 quod
688 981 767 1035 riatur
782 981 908 1036 instituto
928 980 1020 1036 heredi
1035 980 1068 1036 ad

116 1062 327 1134 deliberandum,
350 1070 440 1117 utrum
464 1065 588 1136 expediat
610 1065 634 1119 ei
657 1063 730 1120 adiro
753 1063 928 1120 hereditatem
951 1080 1001 1120 nee
1023 1081 1067 1137 ne,

116 1146 205 1201 uelut:
223 1160 328 1203 r1r1vs
344 1161 445 1202 nenas
461 1161 540 1204 asro
554 1162 752 1211 canulroovu
768 1163 802 1204 ru
815 1163 928 1206 uranus
945 1163 1068 1206 oenrvu

113 1243 274 1301 enoxnsss,
291 1243 404 1292 cvruvs
421 1225 776 1296 sornn1srorantsovrr.⁴
807 1245 871 1288 error
886 1248 941 1289 rre
956 1248 1068 1290 cunvu-

114 1328 176 1383 ms,
192 1326 333 1369 uxnunros
349 1327 439 1370 usr0.
478 1311 528 1369 28.
552 1313 667 1370 Cernere
683 1323 724 1369 est
741 1314 821 1370 uerba
837 1315 965 1371 cretionis
981 1316 1068 1372 dicere

115 1396 147 1452 ad
160 1396 232 1452 huno
243 1396 367 1452 modum:
382 1412 462 1461 oron
472 1413 518 1453 ue
530 1413 645 1456 uurrvs
658 1413 808 1455 uenenum
819 1413 987 1469 rusurrvrr,
1005 1415 1069 1455 unu

114 1495 340 1536 nenuorrarum
361 1494 444 1536 anno
469 1496 643 1544 cnenoovu.
689 1477 739 1538 29.
762 1481 825 1536 Sine
848 1484 967 1539 cretione
989 1483 1069 1540 heres
1100 1521 1103 1525 -

11 1565 255 1620 tooauinstitutus
279 1555 283 1640 i
308 1565 331 1617 si
354 1564 542 1635 constituerit,
571 1564 643 1618 nulio
666 1581 695 1619 se
721 1565 847 1620 heredem
875 1582 951 1637 esse,
977 1561 1068 1623 statim

116 1647 267 1704 excluditur
289 1645 320 1701 ab
343 1646 506 1718 hereditate,
529 1647 693 1719 etamplius
716 1664 772 1703 earn
795 1648 869 1704 adire
890 1666 945 1706 non
966 1659 1068 1722 potest.

114 1727 166 1789 ³0.
189 1730 254 1786 Cum
277 1732 397 1787 cretione
420 1747 486 1787 uero
510 1732 588 1786 hores
617 1733 758 1787 institutus
786 1733 858 1788 siout
879 1732 1013 1788 cernendo
1037 1731 1113 1794 fitroo

114 1814 209 1884 heres,
232 1814 269 1868 itar
285 1830 338 1870 non
355 1814 433 1871 aliter
448 1815 614 1886 excluditur,
637 1832 715 1887 quarn
732 1817 754 1871 si
769 1817 839 1872 intra
854 1817 923 1872 diem
940 1817 1068 1873 cretionis

114 1912 168 1973 non
185 1899 316 1956 creuerit:
339 1898 455 1974 ideoque
470 1901 573 1955 etiamsi
589 1901 777 1969 constituerit,
800 1900 873 1955 nolle
888 1917 918 1955 so
941 1899 1069 1956 heredem

115 1995 185 2051 esse,
202 1989 300 2053 tamen,
316 1985 338 2038 si
353 1985 487 2057 supersint
504 1983 560 2038 dios
576 1985 719 2053 cretionis,
739 1983 904 2054 paenitentia
919 1992 995 2037 actus
1012 2000 1069 2040 cer·

115 2064 204 2120 nendo
220 2065 298 2120 heres
315 2065 371 2121 heri
387 2075 487 2138 potest.

177 2145 224 2205 31.
247 2145 336 2202 Cretio
351 2157 397 2202 aut
414 2149 533 2220 uuigaris
549 2146 646 2200 dicitur
661 2152 706 2200 ant
721 2146 862 2200 continua:
884 2144 1021 2216 uulgaris,
1039 2149 1067 2204 in

116 2246 168 2304 qua
190 2230 341 2286 adiciuntur
363 2231 428 2285 haec
450 2228 544 2285 uerba:
575 2242 686 2292 ovrevs
710 2242 830 2286 somaro
852 2243 1068 2303 eorunlsovu3

115 2315 252 2384 continua,
272 2316 300 2369 in
315 2329 367 2387 qua
383 2330 437 2369 non
453 2313 611 2381 adiciuntur.
654 2309 705 2371 32.
728 2311 768 2384 Εἰ,
789 2313 835 2385 qui
851 2313 991 2384 uulgarem
1010 2333 1067 2372 cre·

115 2400 215 2454 tionem
231 2396 327 2467 hahet,
350 2397 407 2452 dios
427 2397 466 2453 iiii
484 2397 623 2454 duntaxat
645 2405 852 2472 computantur,
875 2397 972 2472 quihus
994 2402 1068 2472 sciit,

115 2615 150 2650 eae
168 2591 367 2668 ὁμοιοτελεύτῳ
387 2598 504 2665 (potestas
519 2617 565 2650 non
581 2602 650 2652 datur
664 2630 697 2638 —
713 2599 837 2666 ‘potestus
851 2599 952 2668 dutur')
968 2603 1067 2666 foetum

115 2677 159 2720 eri.
189 2670 288 2719 Vereor
302 2677 393 2729 tarmen,
409 2686 440 2719 ae
454 2673 530 2721 etium
541 2676 622 2735 plura
636 2675 765 2729 omiserim
778 2675 825 2722 uice
839 2675 905 2722 enim
919 2681 964 2732 ert,
984 2681 1012 2722 ut
1025 2673 1066 2724 tlt-
1093 2734 1096 2740 .

111 2742 208 2804 pianes
226 2742 297 2789 illum
311 2743 426 2804 re9u1om
438 2738 572 2791 ‘Ouma'due
586 2750 677 2801 turrea,
692 2742 784 2806 quibus
797 2743 944 2792 abstinendi
952 2751 1068 2807 potestas

115 2818 160 2867 est,
174 2812 198 2859 ri
207 2825 235 2859 re
245 2809 318 2860 bonis
332 2812 523 2868 immiscuerint,
534 2815 573 2861 oei
583 2813 646 2876 quid
655 2814 715 2861 inde
725 2815 875 2875 amoverint,
885 2816 995 2876 amptius
1003 2814 1067 2864 duee

112 2887 227 2945 potestus
240 2894 291 2929 mou
306 2877 406 2938 datur',
421 2881 487 2929 libro
501 2897 548 2930 suo
562 2898 612 2931 mon
628 2884 776 2934 inseruerit.
830 2880 850 2950 ¹)
863 2883 908 2932 Ad
921 2886 960 2945 ἐξ.
972 2895 1068 2936 25-82.

116 2951 150 3015 ef.
168 2949 223 3000 Gai.
240 2961 265 3009 e,
284 2961 406 3002 rut-mu.
472 2946 493 3014 ²)
514 2951 551 3012 Cf.
572 2952 646 3000 Paul.
666 2965 692 3011 4,
707 2965 727 3004 s.
746 2955 770 3015 §-
785 2965 818 3006 ao.
838 2955 862 3016 5.
882 2965 902 3005 r.
922 2954 943 3002 Ι.
963 2956 994 3004 de
1012 2955 1068 3004 ter.

116 3023 205 3086 quatit.
220 3018 253 3086 (e,
267 3019 310 3087 19).
376 3015 397 3085 8)
413 3020 451 3078 Of.
466 3021 540 3083 infra
553 3022 575 3082 ξ.
590 3033 624 3072 ot.
647 3022 702 3071 Gai.
718 3036 739 3081 2,
754 3035 800 3077 174.
865 3021 886 3089 ⁴)
903 3024 981 3074 Recte
994 3024 1069 3074 dubet

116 3093 180 3142 haee
197 3093 311 3142 secunda
324 3105 440 3156 persona
455 3097 516 3154 port
534 3093 715 3140 moririuutiuum
736 3095 762 3142 iu
782 3096 827 3144 iilo
851 3093 955 3143 Titius
976 3094 1068 3145 hereo

116 3170 196 3222 erto,
212 3164 324 3227 perinde
337 3169 411 3227 utque
426 3163 453 3210 in
467 3163 596 3228 actionum
611 3163 747 3223 sormuh'u
765 3178 824 3211 num
842 3169 870 3210 ut
883 3170 994 3225 praetor
1012 3181 1069 3213 eum

116 3234 211 3292 iudice,
227 3236 264 3283 ita
279 3241 385 3284 testator
399 3248 455 3282 cum
464 3232 557 3281 herede
567 3234 642 3280 -iuaru
656 3246 703 3281 ruo
715 3233 787 3293 sueto
798 3246 876 3295 uyere
885 3233 987 3281 uidetur
996 3231 1067 3296 (Gai.

115 3303 210 3368 2,10³);
226 3305 359 3368 utrobique
374 3311 456 3353 autem
469 3304 624 3352 nourinutr'uo
635 3315 697 3351 eoru
712 3302 822 3350 iudicem
836 3303 875 3349 uel
883 3301 1009 3359 heredem,
1024 3303 1069 3364 qui

116 3386 167 3421 uon
184 3373 265 3431 adest,
280 3376 376 3423 iussum
390 3389 444 3424 esse
459 3380 566 3437 oporiet,
581 3374 617 3422 od
630 3387 699 3436 quem
712 3371 826 3435 formula
841 3373 881 3419 uel
895 3377 1069 3419 testamentum

116 3443 330 3504 denumerentur,
346 3452 481 3508 antequam
491 3459 545 3493 eum
560 3458 589 3494 eu
599 3449 709 3506 praetor
723 3443 762 3490 oel
772 3447 878 3490 testator
888 3447 1007 3504 tanquam
1018 3455 1069 3504 per

115 3513 248 3575 epistolum
263 3513 335 3576 loqui
344 3517 436 3576 poerit.
463 3514 501 3578 Cf.
516 3514 547 3562 L.
562 3525 641 3577 supr.
666 3513 698 3561 D.
713 3512 745 3561 de
759 3513 807 3577 leo.
822 3522 842 3562 2.
