2362 3938
204 185 382 242 EPISTOLA
401 185 616 242 ALEXANDRI
635 187 684 242 AD
703 187 970 264 ARISTOTELEM.
1027 189 1093 256 203

79 348 199 414 milites
231 371 320 414 meos
352 350 487 414 subinde
517 354 736 414 commeantes
766 351 1005 435 interrogabat,
1038 353 1094 418 ubi

80 457 142 522 ego
166 458 271 501 essem
295 442 328 501 et
352 439 429 521 quid
452 458 592 523 agerem.
629 438 692 514 Qui
715 460 787 502 cum
811 439 936 504 incerta
959 462 1094 523 respon-

79 527 207 609 derent,
236 527 306 608 ipse
335 527 454 591 auditis
482 529 550 591 eius
579 527 892 613 interrogationibus
915 564 959 574 -
983 530 1094 594 omnia

80 615 166 678 enim
202 614 283 678 mihi
321 617 391 701 regi
428 636 548 700 magno
580 615 793 680 Macedonum
829 614 1016 683 referebant
1053 653 1091 664 —

80 709 210 787 sumpto
239 703 355 767 habitu
384 704 519 768 militari
547 704 757 790 depositoque
786 705 874 768 cultu
899 726 970 769 meo
996 705 1122 770 solitos

78 792 213 875 perveni
236 792 270 855 in
294 793 463 856 castellum
488 793 569 876 eius,
596 796 643 856 ut'
662 792 814 875 quiddam
837 793 904 856 vini
931 797 964 857 et
988 794 1093 859 carnis

80 884 257 963 empturus.
304 877 453 964 Oasuque
472 880 575 945 Porus
600 881 767 946 sciscitans
791 901 843 945 me
866 882 1093 964 interrogavit,

79 969 155 1051 quid
175 969 296 1033 faceret
316 969 499 1033 Alexander
523 974 580 1034 aut
603 971 693 1034 cuius
717 973 804 1033 esset
826 971 953 1035 aetatis.
990 969 1094 1045 Quem

78 1058 192 1120 ludens
220 1058 388 1122 mendacio
412 1060 585 1142 temporis,
615 1057 814 1143 ‘Tamquam
842 1057 940 1124 homo
965 1057 1092 1142 senior,'

78 1147 225 1228 inquam,
257 1145 336 1210 ‘dux
359 1153 471 1212 noster
501 1149 533 1210 in
562 1147 771 1212 tabernaculo
802 1169 861 1211 suo
892 1169 927 1211 se
958 1169 1091 1214 accenso
1106 1170 1122 1210 n

78 1234 164 1316 ignis
196 1236 303 1299 calore
332 1233 457 1300 reficit?
511 1234 595 1299 Tum
626 1236 682 1299 ille
712 1236 831 1321 gaudio
863 1237 985 1320 alacer,
1017 1239 1094 1321 quia

79 1345 152 1386 cum
176 1322 338 1406 decrepito
363 1345 438 1388 sene
462 1327 547 1387 esset
569 1325 730 1408 proelium
753 1325 994 1408 commissurus,
1020 1348 1093 1390 cum

78 1414 164 1474 esset
192 1412 261 1494 ipse
285 1413 409 1476 iuvenis
433 1413 536 1476 elatus
559 1417 701 1495 tumore,
729 1412 782 1477 ‘ut
811 1414 887 1496 quid
912 1411 1015 1497 ergo,'
1044 1414 1092 1477 in-

78 1501 162 1582 quit,
186 1498 263 1563 ‘non
286 1501 420 1584 respicit
444 1506 583 1564 aetatem
608 1499 738 1565 suam?'
784 1499 951 1584 Respondi
975 1503 1004 1565 ei
1026 1522 1092 1566 uno

76 1589 109 1650 id
128 1590 298 1671 proposito
318 1590 469 1672 ignorare
489 1611 550 1674 me,
570 1590 645 1672 quid
664 1588 786 1653 faceret
804 1589 999 1672 Alexander,
1018 1611 1091 1653 cum
1106 1612 1122 1650 n

78 1699 182 1740 essem
206 1678 376 1762 gregarius
400 1700 438 1741 ex
462 1677 671 1743 Macedonico
696 1676 838 1741 exercitu
862 1677 966 1740 miles.
1009 1675 1092 1743 (lum

76 1765 157 1829 haec
182 1766 340 1850 audisset,
368 1766 503 1831 tradidit
530 1767 610 1829 mihi
634 1765 732 1830 minis
755 1766 886 1849 plenam
910 1765 1093 1850 epistolam,

77 1876 172 1937 quam
202 1854 231 1918 si
258 1855 330 1939 regi
356 1855 541 1919 Alexandro
570 1854 694 1936 darem,
724 1853 890 1936 pollicitus
920 1857 970 1917 est
998 1876 1091 1938 prae-

77 1944 185 2006 mium.
237 1941 297 2008 Oui
325 1944 435 2007 iurans
465 1943 531 2007 dixi
559 1943 718 2025 futurum,
749 1946 786 2006 ut
814 1943 847 2005 in
876 1963 992 2006 manus
1021 1942 1089 2007 eius

76 2029 137 2094 hae
160 2031 287 2096 litterae
311 2033 524 2116 pervenirent.
561 2031 783 2115 Reversusque
806 2031 955 2113 protinus
979 2031 1014 2094 in
1038 2052 1089 2095 ca·
1104 2052 1122 2092 a

77 2124 154 2201 stra,
173 2123 206 2183 et
225 2124 399 2205 antequam
417 2121 558 2203 legerem
579 2121 753 2204 epistolam
772 2123 804 2183 et
821 2121 993 2203 postquam
1014 2120 1090 2205 legi,

77 2228 196 2292 magno
216 2209 284 2272 risu
303 2230 376 2273 sum
395 2210 581 2273 dissolutus.
619 2206 717 2272 Cuius
740 2208 801 2271 tibi
824 2211 857 2272 et
880 2208 978 2271 matri
998 2231 1088 2273 meae

77 2297 305 2381 sororibusque
335 2298 415 2362 meis
451 2297 636 2380 superbiam
670 2297 923 2380 inclinatamque
956 2297 1089 2362 barbari

76 2386 292 2450 temeritatem
317 2386 484 2451 miraturis
509 2387 656 2471 exempla
679 2385 762 2452 misi.

166 2565 180 2612 1
209 2561 398 2614 commeantes
426 2559 499 2613 GH.
539 2560 705 2613 comitantes
731 2580 760 2613 ω.
768 2559 801 2612 V.
877 2565 893 2613 2
923 2560 952 2613 et
978 2575 1029 2614 om.
1060 2579 1090 2612 ω.

76 2630 178 2697 quidve
198 2631 236 2683 H.
299 2630 465 2684 4fe‘rebant
483 2651 514 2685 ω.
541 2630 733 2685 referebantur
750 2631 789 2686 H.
849 2631 1032 2699 opositoque
1050 2630 1090 2687 H.

77 2702 154 2754 cultu
172 2717 223 2755 om.
244 2701 312 2756 o.V.
354 2703 483 2755 ceastre
502 2701 561 2755 eius
576 2700 651 2755 GH.
679 2702 827 2756 castellum
846 2722 876 2754 ω.
909 2701 953 2772 ut]
972 2701 1090 2769 quasiO.

76 2787 125 2826 om.
146 2771 177 2825 V.
206 2772 238 2825 ut
256 2770 314 2825 vini
334 2773 363 2826 et
382 2771 472 2825 carnis
492 2771 608 2838 quidam
628 2775 738 2841 emptor
757 2773 795 2826 H.
869 2777 885 2825 9
905 2772 1041 2825 deludens
1062 2772 1089 2827 0.

78 2847 108 2895 11
128 2843 194 2911 igne
214 2841 346 2896 calefacit
365 2843 393 2897 0.
423 2843 552 2898 caleficat
569 2842 609 2897 H.
674 2849 705 2897 13
724 2842 844 2913 utquid
863 2841 891 2896 0.
922 2846 955 2896 ut
972 2860 1023 2897 om.
1043 2849 1089 2898 cet.

77 2915 110 2978 cf.
130 2913 261 2980 Wdlfflin
278 2912 361 2967 Aret.
378 2913 434 2969 IV.
451 2931 481 2982 p.
497 2918 560 2969 617.
604 2919 636 2967 16
657 2914 888 2968 Cum—audisset
905 2930 955 2967 om.
976 2912 1089 2968 a.V.H.

79 2988 110 3037 18
129 2984 217 3038 siom.
234 2983 346 3040 o.V.H
377 2985 420 3037 est
433 2999 483 3039 om.
494 2984 528 3037 L.
567 2991 599 3038 19
614 2983 770 3037 iuratusH.
807 2989 841 3037 23
856 2983 1047 3051 inclytamque
1057 2982 1089 3037 V.

77 3059 111 3107 24
129 3053 272 3108 miraturis
291 3055 370 3110 Edit.
389 3055 479 3110 Basti.
512 3053 610 3108 mirari
629 3053 712 3108 Oodd.
740 3056 773 3106 ut
791 3051 950 3121 superbiam
961 3084 994 3091 -
1005 3051 1089 3105 mira-

78 3124 146 3178 reris
164 3124 204 3179 H.
242 3124 370 3193 Epistola
384 3125 449 3179 Pori
463 3125 499 3180 ad
513 3123 717 3179 Alexandrum:
735 3124 794 3176 Rex
812 3121 909 3176 Indiae
923 3122 1010 3176 Porus
1024 3121 1088 3175 Ale·

77 3194 190 3250 xandro.
228 3197 347 3250 Miratur
360 3196 511 3265 prudentia
524 3198 627 3262 nostra,
647 3195 722 3262 quod
735 3192 850 3248 Perside
864 3193 975 3246 calcata
988 3193 1090 3247 Porum

77 3266 234 3321 Alexander
253 3266 367 3321 iuvenes
386 3270 415 3336 (Ι)
435 3284 519 3322 senex
538 3271 567 3320 et
585 3264 658 3336 regii
677 3265 706 3334 (l.
725 3266 831 3334 regem)
850 3262 946 3317 Indiae
960 3263 1089 3318 omnibus

79 3337 183 3391 divitiis
203 3338 369 3407 opulentum
388 3338 472 3391 armis
492 3336 631 3392 munitum
651 3335 735 3390 nimis
754 3336 921 3404 populosum
941 3335 1012 3388 inter
1033 3334 1091 3388 alia

78 3409 175 3462 mundi
194 3424 282 3476 regna
295 3407 552 3463 nominatissimum
570 3411 629 3461 tam
645 3424 731 3477 parva
750 3422 835 3459 manu
848 3404 986 3474 pertinaci
1004 3410 1091 3460 teme·

77 3478 160 3533 ritate
184 3479 302 3549 aggredi
326 3495 409 3534 ausus
434 3481 479 3535 sis.
521 3479 577 3533 Sed
600 3493 652 3532 nec
676 3477 791 3531 Darium
814 3475 895 3532 nobis
919 3491 970 3530 nec
992 3478 1092 3530 Persas

77 3548 152 3604 Indis
175 3550 236 3603 ulla
261 3548 369 3604 ratione
393 3548 616 3619 aequiperandos
640 3548 797 3604 credideris.
839 3548 877 3602 Et
898 3547 1032 3616 quoniam
1055 3548 1091 3604 de
