2362 3938
112 187 153 251 14
542 186 654 242 LIBER
671 186 692 240 Ι.

108 350 210 414 fuisse
233 349 447 415 Laomedonti
475 349 633 414 eiusmodi
657 349 890 433 praedicantur.
936 348 1006 414 Nec
1030 373 1125 416 secus

110 441 257 502 senserat
287 437 446 524 Philipus.
500 437 588 503 Nam
621 441 653 502 et
685 441 759 503 actu
791 437 936 521 corporis
970 443 1003 503 et
1037 439 1126 505 linea

108 526 360 610 pulchritudinis
383 528 583 593 movebatur.
630 525 693 592 sed
720 526 810 591 addit
838 527 996 612 equisius:
1019 525 1126 593 ‘Haec

110 615 255 700 quidem,
285 638 304 681 o
333 638 404 702 rex,
435 619 510 681 sunt
537 617 573 680 in
602 615 664 681 hoc
692 636 772 699 equo
800 615 896 701 talia3
927 615 983 680 sed
1013 621 1065 680 est
1096 619 1126 682 ei

83 703 228 770 evitium
256 705 387 790 beluile,
414 725 552 788 namque
580 703 729 768 homines
757 703 825 768 edit
853 708 886 768 et
912 703 946 770 in
974 705 1126 770 huiusce-

109 793 196 858 modi
220 795 376 876 pabulum
399 791 524 859 saevit?
569 790 614 856 Et
642 790 756 874 ‘Heu,'
784 815 843 856 rex
865 792 924 877 ait,
952 791 1126 860 ‘numnam

109 881 191 947 illud
204 882 239 946 in
253 883 317 947 isto
332 882 540 966 proverbium
556 884 616 965 est,
634 880 720 966 quod
735 901 861 964 semper
875 885 1012 967 propter
1025 883 1124 949 rebus

108 971 203 1035 bonis
227 970 388 1035 deteriora
415 969 643 1035 conlimitant?
688 967 865 1034 Enimvero
891 971 1048 1054 quoniam
1072 970 1125 1036 de·

109 1059 225 1123 ductus
245 1060 352 1140 semel,
371 1058 478 1123 claudi
497 1079 570 1122 eum
589 1060 686 1142 atque
707 1057 752 1122 ali
771 1059 937 1142 curabitis,
955 1060 1015 1123 sub
1036 1060 1125 1125 olau-

69 1169 94 1209 1o
109 1147 185 1211 stris
210 1147 335 1211 scilicet
362 1146 581 1231 praeferretis.
627 1146 769 1232 Quisque
798 1148 883 1212 enim
912 1148 1125 1213 subcubuerit

107 1233 236 1317 legibus
264 1235 480 1320 tristioribus,
508 1233 733 1300 huiuscemodi
761 1237 876 1300 melius
904 1237 1124 1302 obiectabitur

107 1321 273 1387 lanienae.2
319 1322 365 1388 Et
391 1326 471 1389 haec
499 1322 631 1408 quidem
658 1345 728 1409 rex,
756 1328 789 1389 et
817 1347 890 1390 cum
919 1325 1005 1391 dicto
1034 1327 1124 1390 iussa

107 1412 320 1494 complentur.

198 1498 260 1564 Sed
279 1500 404 1566 interea
418 1498 603 1566 Alexander
621 1502 687 1566 iam
707 1522 827 1566 annum
843 1501 1069 1567 duodecimum
1104 1508 1180 1567 XIV.

67 1611 94 1651 15
108 1589 275 1672 adpellens
304 1593 337 1654 et
364 1611 472 1655 comes
500 1590 711 1675 putrifiebat
739 1595 772 1655 et
799 1613 859 1656 usu
887 1613 1051 1655 armorum
1076 1592 1123 1657 in-

108 1678 163 1742 dui
186 1678 417 1762 meditabatur,
444 1679 607 1763 simulque
635 1701 708 1745 curn
733 1680 926 1746 exercitibus
955 1680 1016 1744 visi
1044 1701 1122 1766 gau·

107 1766 206 1831 debat
236 1772 269 1832 et
300 1769 390 1854 equis
420 1769 567 1834 insiliens
598 1771 631 1833 et
660 1769 785 1855 reliqua
818 1769 927 1834 omnia
957 1769 1052 1833 miles
1087 1775 1123 1834 ut

107 1857 247 1941 poterat,
267 1857 348 1923 adeo
367 1860 404 1921 ut
422 1856 591 1943 Philippus
610 1859 692 1924 haec
711 1858 872 1923 demirans
892 1858 937 1922 sic
956 1856 997 1929 ad
1016 1857 1121 1923 illum:

108 1943 148 2010 Ὅ
167 1967 257 2031 puer,
281 1968 360 2011 aveo
380 1946 508 2031 quidem
528 1950 562 2012 et
579 1949 671 2012 vultu
689 1947 800 2012 fruens
824 1951 856 2011 et
879 1945 1023 2011 moribus
1046 1948 1122 2027 tuis,

67 2056 284 2118 meorumque
315 2035 402 2099 aliud
431 2034 511 2100 duco
542 2035 582 2099 ad
611 2035 856 2100 similitudinem
883 2035 1001 2118 nostri,
1033 2036 1122 2100 aliud

106 2143 183 2186 vero
203 2123 337 2206 auctius,
362 2144 460 2205 quarn
483 2127 520 2186 ut
539 2124 582 2186 sit
601 2145 640 2187 ex
658 2128 771 2188 nostra
789 2127 916 2186 natura.
954 2120 1016 2184 Sed
1035 2144 1122 2188 nunc

107 2208 188 2272 mihi
212 2209 251 2272 ad
274 2211 458 2291 proximam
480 2231 581 2295 usque
604 2211 667 2273 iter
689 2216 739 2273 est
763 2206 949 2274 civitatem?

196 2295 230 2361 8.
260 2296 353 2372 Quod
377 2297 499 2361 dictum
524 2318 596 2361 curn
615 2296 783 2381 Olympias
808 2295 905 2360 etiam
928 2302 1120 2378 usurpasset

105 2383 334 2469 profectusque
363 2384 534 2469 Philippus
562 2385 647 2449 foret
674 2406 741 2450 non
769 2383 869 2448 simili
899 2382 1026 2447 adfectu
1054 2406 1118 2468 quo

66 2472 236 2557 assolitus,
258 2471 484 2538 Nectanabum
506 2473 656 2556 protinus
678 2472 797 2556 repetit
820 2494 954 2557 eumque
979 2477 1119 2540 consulit

107 2583 204 2644 super
223 2561 424 2626 clandestino
448 2561 557 2627 mariti
580 2560 725 2627 oonsilio.
767 2560 830 2637 Qui
854 2584 926 2627 oum
951 2562 1119 2629 adsidente

106 2650 168 2715 sibi
191 2647 377 2715 Alexandro
406 2671 444 2713 ex
472 2654 541 2715 arte
569 2650 626 2715 illa
653 2651 773 2716 artrica
796 2653 992 2736 loqueretur,
1019 2653 1119 2718 inter-

105 2739 208 2824 pellat
231 2760 311 2820 puer
334 2742 367 2803 et
392 2737 493 2803 ‘Heus
516 2737 573 2823 tu,'
597 2739 712 2824 inquit,
736 2739 881 2825 ‘istaene
905 2764 986 2826 quas
1009 2743 1119 2808 stellas

197 2910 411 2981 lpraedicatur
431 2912 464 2967 P.
502 2933 509 2940 ·
542 2914 623 2969 4cst
641 2914 668 2968 ei
689 2916 722 2968 P.
751 2919 781 2970 et
801 2915 833 2970 T.
914 2920 1069 2983 finemque
1088 2919 1120 2969 ut

107 2984 233 3039 homines
251 2982 338 3050 videt,
357 2983 387 3037 in
405 2983 577 3038 eiuscemodi
595 2987 731 3055 pabulum
751 2988 841 3042 saevit
861 2986 892 3040 T.
930 2992 945 3040 6
965 2986 1002 3039 Et
1020 3002 1070 3039 om.
1086 2985 1118 3039 T.

106 3074 173 3111 num
194 3056 225 3110 T.
288 3054 502 3109 8conlimitant
522 3055 553 3110 T.
582 3059 757 3112 commutant
776 3057 808 3112 P.
874 3055 996 3110 asemel
1015 3071 1065 3109 om.
1085 3056 1116 3109 P

108 3127 184 3182 alere
202 3126 234 3182 P.
268 3126 378 3181 curavit
397 3125 427 3179 T.
461 3125 513 3180 sub
532 3132 560 3180 ’1.
586 3127 636 3181 sed
656 3127 689 3182 P.
787 3133 820 3181 10
839 3129 862 3181 si
881 3127 943 3195 quis
962 3125 1035 3180 enim
1055 3125 1118 3178 sub-

106 3197 236 3253 cubuerit
253 3196 364 3267 legibus
383 3195 568 3264 tristioribus,
593 3198 709 3253 huiusce
731 3198 773 3253 rei
796 3198 896 3252 melius
921 3195 1076 3251 oblectabit
1093 3194 1118 3250 is

106 3269 214 3323 lanium
235 3269 267 3323 T.
296 3266 483 3324 obiectabitur
500 3269 594 3322 laniae
612 3276 640 3326 T.
707 3272 738 3324 15
757 3269 791 3322 fit
811 3268 841 3322 T.
870 3268 918 3322 fiet
936 3273 963 3320 Τ.
1030 3272 1062 3320 16
1082 3266 1117 3319 si·

105 3339 221 3408 mulque
236 3356 299 3393 cum
313 3338 475 3395 illoEberb.
502 3339 556 3395 risi
565 3341 671 3409 scripsi.
690 3338 759 3394 risis
769 3338 802 3394 P.
822 3338 880 3392 suis
890 3345 917 3394 Τ.
956 3343 988 3392 19
1004 3352 1073 3391 aveo
1083 3337 1116 3391 P.

105 3411 215 3477 gaudeo
225 3409 324 3465 Schlee.
354 3413 384 3465 et
396 3411 477 3465 vultu
489 3411 546 3466 Mr.
566 3415 598 3465 ut
616 3411 697 3466 vultu
706 3411 739 3467 P.
767 3409 871 3477 plaudo
887 3407 998 3477 quidem
1012 3409 1118 3462 viribus

105 3481 135 3534 et
151 3481 277 3603 mopibus
298 3481 328 3536 T.
380 3487 434 3604 Tm
455 3483 544 3536 actius
564 3485 595 3536 ut
614 3482 638 3536 si
658 3481 692 3536 P.
765 3486 800 3535 22
820 3479 903 3535 iteres
924 3480 958 3532 P.

214 3585 223 3605 ο
252 3555 286 3603 28
305 3551 359 3604 iste
404 3595 410 3607 ·
