2362 3938
415 193 534 248 ORTUS
553 192 777 252 ALEXANDRI.
1061 197 1101 261 11

83 354 289 441 proveniret,
312 359 426 420 cuncta
449 355 538 439 haec,
563 378 645 441 quae
667 357 834 442 praedicta
858 361 948 443 sunt,
972 363 1102 443 porten-

84 445 181 510 disse.
223 441 270 509 Et
287 444 340 509 his
360 444 491 528 quidem
509 445 544 509 in
562 445 648 510 huno
667 445 798 511 modum
819 447 1103 531 interpretamenti

83 534 133 598 sui
156 533 256 597 fidem
280 532 402 598 fecerat
424 533 509 618 apud
532 532 730 618 Philippum.

175 621 211 688 6.
240 620 424 706 Adpetente
448 626 557 687 autem
580 622 645 686 iam
668 621 878 707 partitudinis
901 626 1048 708 tempore
1084 632 1145 690 XII.

83 710 279 776 consederat
305 709 475 796 Olympias
504 711 594 776 oneri
621 714 734 795 partus
763 711 909 779 levando.
956 709 1019 778 Sed
1048 714 1130 784 ads

83 800 205 865 sistens
228 798 438 865 Nectanabus
461 800 711 884 inspecta-nsque
738 799 871 865 coelites
895 821 1022 884 oureus,
1045 823 1102 867 no·

83 895 158 954 taus
182 888 284 953 etiam
308 887 472 953 mundana
496 891 634 973 secreta,
662 889 780 974 peritia
808 893 938 955 auctore
967 888 1100 976 ‘Mane'

81 977 205 1062 inquit,
229 976 381 1062 ‘quaeso,
409 978 455 1042 mi
477 977 607 1060 mulier,
630 981 664 1040 et
686 979 753 1042 vim
776 978 987 1063 partitudinis
1010 979 1101 1044 vince

82 1067 258 1149 repriorans
281 1066 448 1149 peniturae
477 1066 705 1130 necessitatem
735 1066 949 1151 imminentis3
982 1068 1101 1153 quippe

82 1156 110 1219 si
133 1176 221 1220 nunc
243 1154 305 1218 fiet
327 1153 433 1219 editus
456 1158 583 1240 partus,
608 1155 723 1219 servile
747 1154 899 1239 quiddam
922 1156 1100 1242 captivum·
1115 1186 1141 1226 ro

83 1265 145 1328 que
160 1247 334 1328 potentum
351 1248 466 1308 natum
485 1244 525 1308 iri
545 1247 633 1308 astra
651 1242 866 1310 minitantur?
899 1244 1008 1330 Atque
1028 1267 1100 1311 cum

82 1333 278 1396 obdurasset
296 1331 412 1396 mulier
431 1332 634 1397 obfirmatiue
654 1331 867 1417 secundisque
891 1335 1011 1399 aculeis
1030 1336 1100 1419 pul-

83 1425 221 1502 saretur,
239 1442 351 1485 rursus
372 1421 578 1486 admonetur:
602 1419 707 1485 ‘Nunc
727 1420 835 1504 etiam,
858 1444 987 1507 quaeso,
1006 1423 1099 1488 dura-

82 1511 168 1574 veris
198 1510 381 1593 paululum,
410 1510 529 1594 quippe
558 1509 585 1572 si
614 1509 703 1573 editu
729 1509 818 1575 vieta
847 1511 906 1594 sis,
934 1512 1040 1596 gallus
1069 1515 1102 1576 et

83 1598 217 1663 semivir
241 1598 316 1681 erit,
341 1598 396 1681 qui
419 1596 591 1663 nascetur?
637 1597 732 1662 Talia
755 1603 789 1663 et
810 1598 964 1663 blandius
989 1599 1099 1683 loque·
1114 1630 1139 1670 15

83 1689 181 1752 batur
205 1690 239 1750 et
262 1686 444 1751 adtrectare
469 1686 624 1751 secretius
643 1686 810 1751 mulierem
833 1708 900 1750 non
923 1687 1100 1767 differebat,

82 1779 174 1841 tactu
206 1775 307 1840 etiam
337 1775 556 1858 opitulaturus
587 1777 637 1839 att
667 1775 706 1839 de
727 1823 735 1841 .
753 1824 762 1841 .
780 1823 788 1843 .
807 1775 906 1859 pueri.
952 1775 1001 1841 Aa
1028 1781 1099 1840 tum

82 1866 214 1929 demum
239 1864 345 1929 acrius
368 1863 499 1928 intuens
524 1885 635 1928 cursus
659 1866 823 1928 astrorum
843 1867 1014 1949 motusque
1038 1865 1100 1928 ele·

82 1957 268 2018 mentorum
295 1953 464 2037 cognoscit
490 1952 556 2017 iam
580 1973 709 2017 omnem
733 1951 888 2016 mundum
911 1953 977 2016 vim
1007 1975 1098 2018 suam

80 2044 115 2106 in
135 2062 264 2107 summo
284 2041 424 2106 eulmine
444 2041 666 2106 conversionis
685 2041 759 2105 lene
778 2040 915 2105 librasse
935 2041 1099 2126 solemque
1114 2071 1140 2110 so

81 2133 192 2216 ipsum
216 2129 356 2194 mediam
380 2130 459 2194 caeli
483 2131 616 2215 plagam
645 2133 678 2194 et
705 2130 840 2195 convexi
867 2129 1005 2195 celsiora
1028 2152 1099 2215 per-

82 2240 220 2285 currere.
264 2218 354 2283 Tunc
378 2239 454 2303 ergo
480 2218 520 2282 ad
539 2218 708 2283 mulierem
733 2219 780 2284 sic
803 2219 861 2283 ait:
885 2215 950 2284 ‘En
968 2224 1098 2302 tempus

82 2307 152 2395 est,'
172 2308 290 2391 inquit,
310 2307 399 2372 ‘voce
413 2329 500 2372 nuno
513 2307 651 2372 fortiore
670 2329 751 2391 opus
765 2311 863 2372 estet
878 2308 1099 2374 obfirmatiore

82 2402 217 2482 conatu,
247 2396 366 2480 quippe
389 2395 476 2480 quod
498 2417 585 2461 nunc
608 2396 671 2460 erit
694 2395 830 2479 editum,
859 2397 970 2462 mundi
997 2398 1099 2463 totius

83 2486 229 2551 dominio
261 2482 501 2549 celebrabitur)
555 2483 617 2548 His
650 2484 772 2549 femina
804 2486 941 2550 incitata
973 2486 1098 2572 mugitu
1115 2514 1141 2556 ae

82 2576 172 2641 omni
191 2573 416 2639 vehementius
440 2573 656 2657 ingemiscens
676 2573 785 2656 exegit
801 2596 946 2660 puerum,
970 2575 1031 2659 qui·
1042 2575 1100 2640 ubi

82 2664 122 2730 ad
141 2664 281 2729 humum
300 2662 412 2746 lapsus
432 2665 490 2745 est,
510 2665 618 2726 motus
633 2663 780 2747 protinus
797 2666 903 2729 terrae
917 2664 1099 2748 insequitur

82 2760 113 2818 et
131 2753 316 2818 tonitruum
336 2772 449 2834 orepor
463 2753 696 2835 ventorumque
714 2750 892 2836 conflictus,
910 2758 981 2817 tum
1000 2752 1098 2817 etiam

80 2843 252 2926 fulgurum
276 2842 471 2922 coruscatio,
499 2861 633 2923 prorsus
661 2845 699 2904 ut
721 2841 842 2905 viseres
866 2843 956 2906 omni
979 2840 1098 2905 mundo
1112 2869 1137 2909 ae

81 2952 193 2995 curam
213 2950 288 2993 cum
306 2928 363 2993 illa
377 2927 576 3012 partitudine
596 2928 807 2995 elaboratam.
834 2929 925 3014 Ergo
946 2929 993 2993 ait
1011 2933 1045 2994 et
1081 2930 1153 2986 ΧΙΙΙ.

172 3075 188 3123 1
207 3066 385 3138 portendisse
405 3067 470 3121 aP.
498 3066 675 3136 portendisse
694 3065 785 3136 liquet
803 3068 860 3122 Mr.

170 3139 202 3195 6.
222 3141 240 3192 5
260 3137 328 3192 ‘Sed
346 3136 485 3191 adsistens
504 3141 551 3194 etc.
563 3168 595 3176 -
607 3142 640 3192 25
655 3137 707 3192 His
725 3137 831 3192 femina
850 3135 980 3190 incitata’
1001 3150 1051 3189 om.
1063 3134 1096 3189 P.

80 3221 95 3267 9
105 3211 264 3281 reprimens
275 3208 421 3278 geniturae
432 3210 561 3278 temptaui
569 3211 724 3273 restituere·
739 3225 809 3276 quoe
817 3210 850 3261 ia
858 3212 886 3260 Τ.
896 3208 1001 3274 scripto
1009 3211 1097 3271 mont,

80 3286 165 3354 legere
179 3298 239 3337 nore
248 3286 381 3350 poteram.
412 3285 444 3334 10
459 3278 605 3350 quiddam]
617 3279 732 3347 quidam
742 3285 768 3332 Τ.
795 3282 827 3330 15
841 3280 971 3330 nascetur
983 3277 1083 3346 accipet
1087 3295 1097 3341 ;

79 3356 209 3410 nascitur
218 3358 247 3406 Τ.
285 3355 318 3404 1⁷
334 3352 378 3404 att
387 3351 434 3406 de.
445 3393 451 3406 .
464 3351 487 3421 .]
497 3351 595 3404 desunt
604 3349 787 3419 qainqaefere
796 3349 910 3414 litterae,
924 3361 993 3417 quos
1002 3363 1098 3416 copae-
1164 3366 1174 3397 .·

79 3444 150 3509 scere
164 3440 225 3479 noa
235 3427 369 3493 poteram.
388 3422 586 3504 accelerationi
600 3423 650 3474 Br.
659 3420 732 3475 Keil.
770 3424 804 3473 20
819 3419 881 3543 line
895 3418 1024 3489 librasse]
1035 3419 1097 3543 lpnle

78 3495 277 3639 {aaut
292 3491 548 3632 traua*-
569 3497 717 3615 ..aru
732 3491 967 3631 ntuetr,
991 3495 1099 3618 aa

1161 3606 1174 3645 ll
