2376 3938
302 176 594 233 ARGONAUTIGON
612 177 721 233 LIBER
739 176 786 231 VI.
1009 177 1071 245 125

53 325 183 392 foedera
200 327 309 387 dcnatc
332 344 393 386 non
416 327 506 393 inrita
527 329 665 405 iungeret
688 344 769 386 auro.

54 426 122 480 tum
144 420 285 478 iuuenem
307 417 398 476 terris
420 414 530 476 Pareae
554 421 679 474 tenuere
703 413 819 494 Cytaeis
839 431 841 434 ·

55 525 91 568 ac
115 505 207 566 subiti
229 503 372 584 Mauortis
395 521 478 564 amor
501 502 598 564 simul.
644 504 772 582 armiger
794 502 856 565 ibat

56 595 181 656 semiuir
203 591 405 672 inpubemque
428 610 535 672 gerens
559 591 751 670 sterilemque
773 594 935 654 iuuentam.

55 686 121 763 ipse
143 683 322 763 pharetratis
344 681 479 742 residens
502 680 538 740 ad
562 681 646 740 frena
667 682 775 759 tapetis

56 789 139 832 nunc
161 771 238 831 leuis
260 770 369 831 inlestc
392 771 544 848 procurrit
566 771 597 829 in
621 769 861 850 agmina‘eurrq

57 878 140 920 nunc
164 860 233 938 luga
256 875 418 919 conuersas
442 860 554 937 spargit
577 860 700 919 mentita
723 860 852 938 sagittas.

53 955 89 1009 at
111 946 240 1008 uiridem
262 948 387 1026 gemmis
406 954 436 1006 et
454 964 525 1006 eoae
545 947 669 1007 stamine
693 946 784 1007 siluae

56 1035 187 1115 subligat
209 1042 340 1096 extrema
362 1038 492 1114 patrium
515 1036 633 1095 ceruice
656 1037 751 1096 tiaran

59 1126 186 1202 insignis
208 1125 346 1205 manicis,
369 1125 494 1202 insignis
517 1126 635 1184 acinace
655 1123 772 1205 dextr03

57 1210 185 1291 inproba
206 1211 377 1272 barbaricae
400 1220 584 1291 procurrunt
605 1215 735 1292 tegmina
757 1213 882 1292 plantae.
927 1270 928 1273 ,

59 1319 117 1361 nec
141 1300 253 1361 latuere
277 1300 329 1361 diu
352 1318 475 1362 saeuum
498 1302 591 1381 spolia
613 1301 662 1362 illa
681 1302 808 1382 Syenen,

60 1406 175 1469 perque
193 1388 292 1449 leuem
315 1396 345 1449 et
367 1389 461 1450 multe
484 1390 658 1451 maculatam
681 1392 795 1451 murice
818 1393 909 1469 tigrin

58 1479 178 1538 concita
200 1478 301 1556 cuspis
320 1476 392 1557 abit3
416 1476 530 1538 subitos
554 1497 590 1538 ex
613 1495 666 1537 cre
685 1496 808 1538 cruores

57 1567 162 1626 saucia
183 1567 269 1644 tigris
295 1568 356 1645 agit
378 1567 530 1645 uitamque
554 1565 679 1626 effundit
702 1564 818 1645 erilem3

59 1654 126 1732 ipse
148 1671 224 1732 puer
247 1654 341 1715 fracto
362 1672 493 1734 pronum
516 1661 604 1732 caput
625 1653 747 1732 inplicat
769 1671 850 1714 arcu.

60 1743 205 1820 sanguine
228 1749 301 1803 tunc
324 1751 388 1804 atro
412 1742 542 1822 chlamys
564 1744 664 1824 ignea,
688 1744 830 1821 sanguine
854 1743 957 1804 nultus

58 1837 93 1890 et
115 1829 253 1909 grauidae
276 1831 417 1892 maduere
441 1849 556 1912 comae,
579 1847 653 1910 quas
675 1831 748 1891 llere
773 1829 885 1890 Sabaeo

62 1920 212 1980 nutrierat
234 1917 406 1999 liquidoque
429 1937 538 1998 parens
562 1922 732 1998 signauerat
754 1937 836 1980 auro.

17 2045 25 2051 -
61 2006 180 2084 qualem
203 2008 296 2084 siquis
319 2010 403 2088 aquis
427 2015 457 2068 et
478 2008 585 2070 fertilis
607 2007 700 2069 ubere
723 2015 821 2069 terrae

59 2093 169 2155 educat
191 2113 225 2156 ac
248 2099 347 2157 uentis
369 2095 464 2157 oleam
487 2096 623 2158 felicibus
645 2095 757 2177 implet,

62 2201 119 2244 nec
141 2181 225 2243 labcr
248 2185 389 2246 adsiduus
416 2204 472 2245 nec
496 2204 565 2264 spes
589 2203 641 2245 sua
665 2184 739 2244 lallit
762 2183 899 2266 alentem,

64 2272 183 2349 iamque
206 2272 289 2334 addet
311 2276 438 2353 primam
460 2282 564 2335 tenero
587 2273 624 2334 de
648 2275 763 2335 uertice
786 2273 935 2354 frondem3

64 2377 134 2419 cum
157 2360 255 2422 subito
279 2363 410 2423 inmissis
433 2380 577 2442 praeceps
601 2360 879 2441 aquilonianimbis

63 2450 148 2508 uenit
170 2449 286 2529 hiemps
309 2453 451 2531 nigraque
476 2451 610 2512 euulsam
632 2450 728 2511 tendit
749 2449 873 2511 harena:

64 2532 144 2596 haud
167 2556 254 2598 secus
278 2547 345 2600 ante
369 2539 475 2601 urbem
497 2540 631 2619 Myraces
654 2539 749 2618 adque
772 2541 866 2618 ipsius
884 2547 952 2600 ante

63 2626 190 2702 uirginis
214 2644 265 2686 cra
289 2628 379 2707 cadit;
403 2628 455 2688 sed
478 2647 538 2688 non
561 2631 654 2709 magis
676 2628 725 2689 illa
747 2636 888 2689 mouetur

62 2714 155 2774 unius
178 2729 265 2789 aegra
288 2723 382 2795 metu,
406 2734 494 2794 quam
516 2724 559 2796 te,
582 2717 741 2798 bleleagre,
765 2718 923 2797 furentem,

65 2816 155 2879 quam
178 2798 300 2859 Talaum
322 2802 405 2861 uidet
428 2811 478 2862 aut
500 2822 614 2881 pugnas
637 2807 763 2865 miratur
785 2804 898 2882 Acasti3

65 2896 95 2949 at
118 2889 191 2947 satis
213 2887 269 2946 hcs
291 2891 372 2967 ipsae
396 2898 500 2967 gentes
524 2894 679 2969 campique
702 2891 844 2951 uidebant

10 3053 13 3057 Ι
65 2983 241 3055 tempestate
264 2979 330 3055 pari
353 2979 450 3037 uersis
473 2976 646 3037 incumbere
670 2980 785 3038 turmis.

66 3072 134 3125 ante
159 3065 261 3126 oculos
285 3066 354 3144 luga
377 3064 463 3126 lceda
485 3065 596 3127 ducum
618 3064 778 3144 largusque
802 3063 961 3125 cadentum

65 3154 89 3213 it
112 3171 203 3213 cruor
226 3162 256 3214 et
279 3173 387 3215 currus
411 3153 538 3214 dominis
559 3152 730 3233 ingentibus
753 3151 827 3212 orbi.

110 3240 176 3302 Non
199 3243 267 3305 tulit
288 3243 344 3303 hos
367 3243 475 3304 Perses
497 3244 588 3323 gemit
589 3260 625 3303 us
648 3242 820 3320 clademque
845 3258 969 3302 sucrum
1029 3252 1079 3302 725

67 3337 209 3408 tergaque
234 3350 322 3393 uersa
344 3339 432 3393 tuens
454 3331 501 3392 his
525 3331 640 3392 caelum
663 3330 819 3411 questibus
842 3329 958 3408 implet·

69 3413 152 3497 quid
175 3436 222 3479 me
245 3422 304 3480 iam
327 3423 433 3505 patriis
457 3423 585 3483 eiectum
608 3419 743 3503 sedibus,
765 3421 837 3480 istas
921 3433 930 3447 ·

68 3516 139 3568 uts
125 3515 274 3569 struerem
295 3528 410 3589 pugnas
434 3508 674 3591 Scythiamque'
666 3528 699 3571 m
720 3508 803 3571 bella
821 3525 1001 3585 manerem,
