2376 3938
123 187 165 251 88
545 182 656 238 LIBER
672 181 707 238 Π.

124 371 200 414 suos
223 348 257 412 id
281 369 351 412 esse
374 347 486 430 vellet,
513 347 541 410 si
563 346 637 429 pari
659 343 722 410 fide
744 345 779 409 in
803 367 837 410 se
861 365 987 430 quoque
1012 345 1062 409 sui
1087 367 1135 410 sa·

122 437 246 502 tellites
270 439 445 502 uterentur.

214 524 277 591 Sed
303 525 367 590 hoc
389 523 520 608 quidem
548 523 598 587 die
626 522 837 587 inclinatione
864 523 993 587 tantum
1020 523 1179 587 leviterX

124 637 182 700 pro
206 612 420 680 Macedonum
448 611 597 701 partibus
626 613 790 676 ostentata
815 613 950 695 uterque
978 612 1137 676 exercitus

99 704 168 770 sad
195 707 303 769 castra
330 700 474 766 discedit.
523 698 668 783 Cumque
695 699 867 765 reficiendo
896 700 1023 782 corpori
1051 699 1137 765 cibo-

125 814 186 879 que
210 791 367 875 capiendo
388 789 508 870 [dediti]
529 791 646 871 essent,
668 808 781 852 rursus
805 788 888 853 alius
913 792 1044 871 satrapa
1062 786 1139 853 Ale-

124 879 247 946 xandro
276 901 311 945 se
339 877 433 944 offert
460 898 533 942 oum
556 875 727 963 dignitatis
751 876 880 961 quidem
903 877 992 941 illius
1015 876 1138 960 profes-

125 970 225 1054 sione,
248 968 303 1033 sed
327 968 383 1051 qui
405 964 525 1031 diceret
548 986 581 1030 se
605 966 708 1029 multa
726 985 909 1050 magnaque
933 966 981 1030 rei
1003 966 1139 1030 bellicae

126 1080 224 1142 opera
246 1077 306 1140 pro
330 1054 431 1119 Dario
455 1052 609 1139 gessisse,
638 1052 801 1119 enimvero
831 1054 895 1119 sibi
917 1054 1004 1119 haud
1026 1076 1139 1139 parem

86 1169 112 1210 ro
127 1146 268 1232 gratiam
282 1145 570 1228 repraesentatam.
604 1141 639 1208 si
657 1141 758 1227 igitur
776 1163 845 1208 sese
865 1144 1051 1226 susciperet,
1069 1143 1139 1208 fore

127 1235 190 1299 sibi
213 1231 386 1297 admodum
409 1231 516 1314 facile,
544 1235 581 1295 ut
609 1252 682 1296 cum
705 1231 814 1296 decem
841 1232 972 1296 milibus
995 1232 1139 1316 reliquos

125 1321 220 1388 Darii
240 1325 389 1404 satrapas
407 1319 589 1384 incursaret
611 1323 645 1384 et
668 1322 807 1403 caperet,
830 1341 896 1384 una
913 1321 1012 1385 etiam
1031 1321 1140 1404 ipsum

127 1431 255 1496 quoque
272 1408 410 1474 Darium
433 1408 528 1472 facile
551 1407 865 1491 comprehensurus
888 1406 941 1472 Ad
964 1407 1045 1474 haec
1064 1411 1139 1473 Ale-

125 1499 248 1564 xander
271 1498 389 1564 reverti
410 1496 590 1580 hominem,
619 1497 702 1561 etsi
726 1496 805 1581 quid
828 1497 965 1580 valeret,
990 1497 1140 1563 auxiliari

87 1587 197 1673 reregi
216 1609 274 1653 suo
294 1585 436 1652 mandat.
473 1584 556 1661 ‘Qua
574 1583 682 1670 enim,'
706 1586 823 1671 inquit,
847 1584 916 1671 ‘spe
936 1586 1059 1651 alienos
1078 1587 1141 1651 tibi

127 1676 249 1742 milites
272 1679 345 1742 tuto
369 1673 586 1741 commiserim
613 1674 699 1740 cives
727 1677 800 1739 tuos
828 1675 1040 1759 propriosque
1065 1696 1140 1760 pro-

126 1763 257 1831 dentii'

216 1854 253 1918 Id
285 1857 396 1918 tamen
427 1852 584 1937 temporis
614 1852 783 1917 etiamtum
811 1873 863 1917 res
898 1854 1033 1917 absente
1064 1873 1141 1937 rege

110 1943 228 2010 'Dario
256 1965 314 2027 per
341 1941 410 2006 eius
434 1944 583 2026 satrapas
607 1940 797 2024 agebantur.
841 1940 1030 2025 Hystaspes
1054 1941 1141 2006 deni-

88 2053 115 2096 ro
129 2055 190 2118 que
213 2035 247 2096 et
265 2030 420 2116 Spinther
439 2030 585 2095 scribunt
607 2028 692 2113 regi:
715 2029 781 2095 iam
803 2029 929 2113 pridem
953 2030 1083 2114 quidem
1108 2051 1142 2094 se

129 2141 226 2203 super
249 2119 433 2183 Alexandri
450 2118 594 2182 exercitu
617 2138 668 2202 ea,
691 2139 773 2201 quae
798 2123 1037 2203 compererant,
1059 2140 1140 2183 nun-

127 2208 243 2290 tiasse,
274 2207 437 2272 enimvero
466 2227 553 2270 nunc
582 2205 680 2289 longe
710 2207 910 2272 auctioribus
939 2208 1062 2272 viribus
1093 2208 1141 2270 in·

127 2295 252 2361 vasisse
280 2298 408 2378 partem
434 2293 558 2359 Persici
591 2294 684 2380 regni
717 2295 929 2381 pluribusque
962 2295 1140 2361 interfectis

129 2389 162 2448 et
184 2383 288 2467 captis
311 2403 379 2446 non
402 2381 471 2447 sinc
489 2382 633 2466 periculo
657 2403 695 2446 ac
716 2382 901 2448 discrimine
922 2407 991 2450 sese
1009 2405 1140 2463 vexare3

88 2491 115 2534 rs
129 2476 278 2556 oportere
300 2471 403 2555 igitur
430 2491 464 2535 se
492 2471 755 2555 quamprimum
782 2493 848 2537 una
875 2494 947 2537 cum
976 2473 1065 2539 omni
1091 2494 1141 2536 ex-

129 2561 230 2625 ercitu
258 2558 300 2624 ad
330 2558 569 2644 confligendum
597 2579 667 2625 cam
689 2559 874 2626 Alexandro
902 2567 1033 2645 praesto
1063 2583 1141 2626 esse.

218 2646 280 2713 His
302 2648 423 2713 litteris
446 2646 565 2712 Darius
589 2648 731 2731 acceptis
758 2650 828 2733 ipse
852 2671 980 2735 quoque
1004 2652 1043 2715 ad
1069 2650 1141 2714 Ale·

128 2737 288 2803 xandrum
307 2735 422 2802 scribit
443 2735 478 2798 in
495 2734 579 2800 hanc
598 2737 806 2803 sententiam:
830 2736 946 2803 ‘Video
969 2740 1032 2804 tibi
1050 2739 1141 2803 labo-

129 2830 254 2905 ratum,
281 2846 323 2890 ne
346 2823 422 2909 quid
444 2823 590 2889 omnium
613 2824 751 2909 faceres,
779 2827 866 2911 quod
889 2828 950 2892 tibi
974 2827 1059 2911 apud
1081 2847 1141 2890 nos

90 2934 117 2977 so
130 2915 260 2982 veniam
278 2914 492 2999 polliceretur.
532 2911 585 2977 Ita
608 2917 641 2978 et
663 2912 825 3000 adrogans
849 2916 966 2980 litteris
991 2920 1024 2979 et
1046 2915 1141 2978 iacia-

130 3005 252 3072 bandis
274 3005 310 3069 in
331 3001 393 3067 hac
416 3001 527 3067 cedem
550 3001 734 3068 temeritate
759 3005 929 3086 exstitisti,
956 3008 993 3066 ut
1015 3002 1140 3087 quidvis

129 3095 246 3161 horum
269 3093 310 3158 ad
333 3091 477 3157 animum
500 3111 610 3155 mcum
634 3091 771 3177 venerit,
795 3093 934 3158 excitare
956 3113 1008 3155 me
1031 3090 1141 3174 potius

221 3273 234 3322 1
254 3267 285 3322 in
303 3283 333 3322 se
349 3267 408 3322 Mr.
428 3282 458 3321 se
473 3264 506 3320 P.
558 3269 574 3318 3
593 3263 639 3319 die
654 3265 713 3319 Mr.
733 3264 790 3319 diei
805 3265 839 3319 P.
889 3271 905 3318 6
925 3264 1015 3320 dediti
1034 3265 1141 3320 addidi.

132 3346 165 3395 10
184 3340 325 3409 repsatam
344 3339 373 3407 (i.
393 3354 413 3392 e.
433 3337 633 3406 repressatam)
654 3334 687 3390 P.
711 3337 890 3404 repensatum
906 3337 964 3390 Mr.
1002 3340 1037 3389 25
1057 3352 1142 3404 quam

130 3410 251 3478 primum
272 3410 332 3463 Mr.
356 3406 610 3476 quamplurimum
631 3404 666 3460 P.
720 3411 755 3461 26
775 3422 838 3460 cum
855 3405 1014 3461 Alexandro
1033 3408 1141 3475 scripsi.

131 3478 289 3533 Alexandro
298 3479 331 3532 P.
359 3484 394 3534 28
408 3479 481 3534 hane
491 3477 659 3534 sententiam
666 3477 725 3532 Mc.
740 3478 794 3532 hac
804 3477 981 3533 sententiaP.
1007 3483 1041 3531 30
1055 3477 1143 3532 iacta-

131 3550 240 3604 bundus
254 3550 354 3618 scripsi
367 3551 507 3604 dubitans.
526 3548 601 3605 latus
616 3548 653 3618 ad
667 3548 756 3604 endas
771 3548 805 3603 P.
826 3548 916 3604 elatus
930 3565 963 3603 ac
979 3549 1071 3602 audax
1084 3549 1144 3603 Mi.
