2362 3938
406 185 535 242 OBITUS
554 185 777 241 ALEXANDRI.
1033 188 1096 252 151

79 351 139 431 vit,
163 347 305 501 Scythae
329 352 544 432 tremuerunt,
567 348 716 433 quodque
740 370 805 413 uno
829 350 886 413 ille
910 372 1004 416 versu
1027 373 1097 434 per-

78 460 209 504 cucurri
224 487 234 522 ,

153 559 264 627 Quique
284 577 387 615 novum
407 561 526 614 cernunt
544 557 720 627 Hyperiona,
739 557 844 627 quique
865 559 1020 614 cadentem.

78 667 196 754 Neque
229 669 316 732 enim
349 688 541 752 quemquam
571 687 639 730 non
669 671 726 731 aut
755 688 884 732 caesum
916 668 1097 734 audivimus

78 761 138 842 aut
162 754 421 841 supplicantem?
467 754 556 819 Haec
581 755 710 839 quidem
733 755 937 822 Aristotelea.
1111 777 1124 818 a

171 843 230 910 49.
263 844 310 910 At
333 865 408 909 vero
433 844 617 908 Alexander
639 844 778 910 collecto
802 845 945 910 exercitu
968 845 1031 909 iter
1054 847 1094 910 ad
1113 856 1128 907 a

79 934 302 1016 Babyloniam
322 933 491 1014 convertit,
513 933 547 995 in
567 954 630 1016 qua
654 938 824 1017 susceptus
842 933 1096 999 honoratissime

78 1027 114 1087 et
129 1022 290 1087 sacrificia
304 1021 364 1084 diis
383 1021 624 1084 immortalibus
638 1026 863 1103 repraesentat
882 1027 914 1087 et
933 1027 1096 1088 certamen

78 1111 323 1196 gymnastieum
347 1110 558 1174 concelebrat.
605 1108 714 1194 Atque
741 1111 815 1174 inde
839 1111 904 1175 iam
928 1111 1098 1194 pacificum

78 1201 145 1264 iter
178 1203 334 1283 coeptans
364 1198 452 1261 hisee
480 1197 600 1261 litteris
629 1199 669 1261 ad
698 1195 925 1283 Olympiadem
959 1206 1096 1266 matrem
1111 1221 1128 1258 1⁴

79 1311 174 1352 suam
200 1288 322 1352 scribit.
369 1285 490 1370 ‘Super
512 1286 564 1350 his
587 1287 731 1371 quidem,
759 1309 839 1372 quas
867 1290 901 1353 in
929 1291 1097 1375 principiis

78 1378 244 1462 egerimus
276 1375 316 1439 ad
346 1374 460 1439 Asiam
491 1396 593 1459 usque
623 1376 863 1459 expeditiones,
895 1380 1005 1442 omnia
1034 1379 1097 1443 tibi

78 1470 160 1530 nota
183 1470 274 1549 suut,
301 1467 404 1528 mater
428 1465 482 1529 mi.
527 1463 677 1546 Aequum
700 1469 812 1528 tamen
835 1466 897 1529 fuit
926 1469 958 1528 et
987 1466 1025 1530 de
1048 1468 1096 1530 in·

80 1554 293 1637 sequentibus
327 1556 360 1617 te
391 1551 497 1616 faeere
530 1553 709 1637 certiorem.
761 1553 933 1618 Profectus
966 1574 1043 1638 ergo
1076 1563 1128 1618 aa

78 1642 250 1726 Babylone
273 1663 339 1704 una
362 1662 434 1704 eum
457 1640 519 1723 his,
542 1662 622 1724 quos
645 1641 751 1725 magis
776 1646 925 1705 strenuos
948 1642 982 1704 in
1005 1661 1128 1706 enar-1.¹

81 1733 149 1796 citu
164 1730 336 1812 habebam,
356 1751 437 1814 quae
457 1729 587 1814 quidem
606 1729 742 1794 collecta
762 1734 838 1793 sunt
852 1733 982 1793 eentum
997 1730 1097 1813 milia,

79 1820 115 1882 in
139 1821 296 1884 ulteriora
319 1819 488 1901 regionum
510 1820 656 1882 animum
679 1817 802 1882 intendi
826 1819 1022 1901 pervenique
1046 1841 1096 1882 us-

80 1929 142 1992 que
163 1908 203 1971 ad
221 1905 373 1971 Herculis
393 1907 492 1970 stelas
510 1930 577 1973 non
597 1906 703 1971 minus
723 1906 838 1970 itinere
857 1906 980 1969 dierum
994 1905 1096 1970 ferme

79 1996 265 2080 nonaginta
280 1995 430 2079 quinque,
448 1995 536 2059 fama
551 1996 589 2059 de
603 1995 744 2060 Hercule
765 1995 810 2058 sie
829 1997 992 2078 loquente,
1009 1995 1095 2078 quod

81 2084 180 2149 hasee
204 2089 308 2148 metas
327 2084 600 2168 peregrinationis
624 2105 701 2148 suae
720 2083 828 2146 fixerit
851 2083 927 2147 deus
951 2083 1018 2168 ille,
1040 2084 1128 2169 quia

81 2179 114 2236 et
138 2173 219 2236 duas
238 2173 346 2255 stelas,
369 2172 402 2236 id
422 2178 471 2236 est
489 2172 604 2235 titulos
624 2173 674 2235 sui
692 2172 849 2255 quosdam
868 2171 988 2236 ibidem
1008 2173 1096 2237 dere·

80 2261 193 2346 liquit,
224 2283 362 2346 quorum
389 2283 473 2324 unus
504 2283 543 2325 ex
574 2282 668 2340 auro,
699 2261 785 2324 alter
815 2281 890 2326 vero
920 2264 1095 2346 argenteus

81 2350 274 2414 habebatur.
324 2348 386 2414 sed
417 2349 504 2413 enim
535 2348 672 2413 altitudo
704 2370 815 2413 eorum
846 2353 894 2414 est
923 2350 1095 2415 titulorum

81 2440 201 2503 cubitis
231 2438 331 2502 ferme
363 2438 563 2521 quindecim,
594 2437 775 2502 crassitudo
806 2460 882 2502 vero
913 2439 947 2503 in
975 2439 1095 2504 cubitis

83 2527 218 2593 duobus.
272 2527 365 2590 Hane
398 2527 516 2591 molem
553 2526 678 2590 metalli
711 2527 864 2611 quoniam
897 2550 963 2592 non
999 2527 1096 2592 faeile
1110 2548 1128 2588 a

82 2621 153 2680 erat
175 2614 303 2680 eredere
327 2615 431 2680 solido
460 2636 537 2679 auro
566 2636 650 2699 esse,
676 2616 856 2698 perieulum
885 2617 952 2680 eius
980 2617 1027 2681 rei
1050 2616 1096 2680 fa·

82 2726 153 2769 6616
182 2726 249 2768 11611
280 2704 383 2767 omisi.
435 2702 540 2779 Quare
568 2708 714 2768 moratus
744 2705 864 2769 ibidem
896 2705 1008 2769 diebus
1039 2705 1096 2769 ali·

82 2793 213 2876 quantis
248 2791 419 2856 reficiendo
454 2792 577 2856 66111661
612 2793 708 2857 militi
740 2794 1004 2877 sacrificatusque
1034 2794 1093 2857 deo

86 2881 217 2945 Herculi
235 2881 367 2944 titulum
387 2881 479 2944 illum
499 2903 641 2964 aureum,
661 2904 724 2965 qua
742 2882 843 2964 potui,
866 2883 1003 2944 rimatus
1023 2903 1094 2945 sum

171 3123 236 3189 49.
255 3129 270 3176 9
290 3124 495 3192 gymnastieum
517 3125 590 3178 Mai.
623 3120 816 3191 gymnasicum
837 3122 871 3174 A.
905 3121 1094 3190 gymnasium·

83 3211 137 3262 que
160 3194 192 3248 P.
248 3201 280 3248 10
299 3195 353 3248 iter
371 3196 406 3249 A
425 3195 499 3249 inter
521 3195 553 3248 P.
593 3194 636 3246 bis
654 3194 687 3247 P.
736 3198 766 3246 11
788 3208 871 3259 super
890 3192 941 3244 has
960 3191 995 3244 A.
1024 3207 1094 3258 quaa

82 3265 153 3319 Mai.
180 3282 253 3334 quae
273 3266 308 3320 A.
317 3266 351 3320 P.
414 3272 446 3320 13
466 3267 534 3320 nota
553 3263 610 3317 aiut
626 3264 663 3318 A.
726 3269 760 3316 14
779 3279 845 3331 ergo
864 3279 881 3316 a
899 3260 1042 3329 Babylone
1060 3263 1094 3316 P.

82 3336 185 3418 quippe
201 3337 238 3392 ad
254 3336 423 3404 Babylonem
432 3339 466 3391 A.
518 3342 550 3390 18
566 3335 734 3389 stelaeMai.
755 3333 851 3415 stellas
859 3332 942 3457 Al}³
953 3331 1066 3456 itinerql
1062 3333 1094 3386 P.

81 3412 184 3534 bdddtudb
201 3409 240 3534 A.
286 3409 477 3532 lgbqqggssqqls
493 3405 1040 3557 119ωᾶΐέ6111111121611111111111111111111
1061 3422 1095 3530 1).

80 3555 114 3604 28
134 3550 221 3604 militi
240 3549 299 3604 Mr.
327 3547 418 3604 milita
439 3549 472 3604 P.
500 3547 609 3602 mllrtae
628 3547 665 3601 A.
