2370 3938
347 209 638 270 ARGONAUTICON
656 215 765 270 LIBER
784 219 807 274 Ι.

64 385 154 428 arcus
178 373 208 426 et
230 367 262 426 in
285 382 417 424 summos
440 363 596 424 redierunt
618 363 719 424 nubila
742 375 868 428 montes.

62 459 123 516 iam
146 452 268 534 placidis
291 455 365 512 ratis
389 460 484 514 exstat
506 455 605 534 aquis,
630 471 718 532 quam
741 457 857 532 gurgite
882 455 918 516 ab
941 458 1001 520 imo

64 554 96 606 66
120 542 224 603 Thetis
247 549 277 601 et
299 543 414 619 magnis
437 539 553 601 Nereus
576 560 663 602 socer
687 544 775 620 erigit
797 543 884 604 ulnis.

64 651 136 712 ergo
160 649 281 692 umeros
306 629 413 690 ductor
437 648 521 689 sacro
545 631 663 691 uelatur
686 633 796 691 amictu
936 690 939 694 ,

64 723 281 797 Aesoniamque
306 721 384 799 capit
406 728 552 800 pateram,
576 737 664 797 quam
686 737 811 780 munere
834 701 966 799 gaudens
1029 735 1082 786 660

64 810 193 889 liquerat
215 808 344 887 hospitio
367 807 582 886 pharetrasque
606 807 785 887 rependerat
808 826 880 870 auro

66 899 255 978 SalmoneuS,
278 896 411 957 nondum
434 896 522 956 illei
520 914 612 956 ruens
635 904 712 979 tum,
735 897 861 976 fingeret
884 899 935 960 alti

64 1007 117 1066 qm
139 986 237 1047 trifida
260 984 343 1046 trabe
368 984 425 1044 tela
448 984 528 1044 lonis
553 994 716 1064 contraque
740 989 841 1047 ruenti

65 1085 117 1137 aut
140 1074 237 1137 Athon
260 1083 311 1134 aut
333 1072 503 1177 Rhodopen
520 1083 648 1134 maestae
673 1092 794 1135 nemora
818 1075 909 1136 ardua
932 1077 1017 1139 Pisae

64 1164 199 1224 aemulus
223 1172 253 1223 et
274 1165 401 1223 miseros
423 1165 488 1241 ipse
510 1171 614 1223 ureret
636 1162 729 1224 Elidis
753 1181 847 1243 agros.
1027 1178 1079 1227 665

63 1254 120 1313 hac
142 1251 245 1332 pelago
269 1251 341 1311 libat
363 1251 466 1310 latices
490 1259 521 1312 66
508 1251 650 1312 ttalibus
673 1252 750 1313 iniit:

65 1337 120 1422 ‘di,
144 1339 252 1420 quihus
276 1339 423 1401 undarum
446 1343 689 1419 tempestatisque
714 1359 839 1402 sonorae
943 1365 947 1375 ¹

62 1431 223 1509 imperium
247 1438 277 1490 et
300 1446 405 1506 magno
428 1431 549 1509 penitus
572 1447 626 1508 par
649 1431 731 1508 regia
754 1429 844 1511 caelo,

63 1529 172 1600 tuque,
195 1519 305 1578 fretum
328 1518 473 1597 diuosque
497 1526 582 1597 pater
605 1520 709 1578 sortite
732 1516 885 1598 biformeS,

64 1627 119 1668 seu
143 1625 229 1667 casus
253 1625 311 1667 nox
334 1609 391 1667 ista
414 1607 471 1667 fuit
494 1625 547 1666 seu
570 1605 704 1668 uoluitur
728 1608 798 1687 aris,
1026 1619 1078 1670 670

63 1703 98 1756 ut
121 1715 263 1775 superum
287 1698 329 1757 sic
354 1704 471 1757 constet
494 1715 581 1778 opus,
605 1695 727 1775 tollique
751 1712 909 1755 necessum

62 1792 173 1863 pontus
195 1784 285 1845 habet
308 1803 361 1845 seu
384 1792 413 1845 te
438 1784 552 1845 subitae
576 1802 654 1845 noua
676 1785 784 1863 puppis
807 1785 904 1862 imago

63 1891 273 1952 armorumque
292 1873 504 1951 hominumque
528 1882 630 1934 truces
654 1890 834 1950 consurgere
857 1873 888 1931 in
911 1874 971 1933 iras

63 1961 193 2042 impulit,
216 1962 288 2022 haec
312 1962 419 2022 luerim
443 1965 514 2022 satis
538 1970 568 2022 et
591 1970 641 2023 tua
665 1963 799 2042 numina,
822 1968 931 2042 rector,

62 2052 120 2110 iam
146 2050 258 2110 luerint
281 2051 403 2111 meliora
426 2051 506 2110 mihi.
553 2051 589 2110 da
612 2049 737 2110 reddere
761 2051 851 2110 terris
1026 2061 1077 2111 605

63 2138 116 2198 has
139 2141 250 2199 animas
273 2140 444 2217 patriaeque
469 2138 606 2218 amplecti
629 2139 730 2199 limina
752 2145 864 2217 portae.
978 2134 981 2139 ’

63 2235 128 2287 tum
151 2245 339 2306 quocumque
362 2226 428 2286 loco
451 2230 574 2288 meritas
596 2227 651 2288 tibi
673 2226 820 2306 plurimus
844 2243 909 2286 aras

62 2322 165 2393 pascet
189 2316 296 2397 honos,
320 2313 500 2394 ubicumque
525 2318 599 2377 rotis
622 2313 790 2375 horrendus
814 2316 959 2393 equisque

63 2412 140 2485 stas,
163 2412 261 2486 pater,
286 2403 381 2482 adque
404 2407 509 2483 ingens
533 2405 684 2483 utrimque
708 2404 831 2464 fluentia
854 2401 959 2464 Triton

62 2492 147 2551 frena
170 2500 266 2572 tenot3
290 2501 410 2553 sanctus
434 2502 610 2572 nostrasque
635 2492 732 2552 colere
755 2510 810 2570 per
832 2487 945 2552 urbes?
1026 2502 1079 2553 680

63 2581 179 2640 dixerat
201 2581 283 2640 haec.
329 2583 425 2642 oritur
448 2582 559 2642 clamor
583 2583 763 2658 dextraeque
787 2588 954 2659 sequuntur

61 2668 156 2728 uerba
179 2669 272 2729 ducis.
319 2671 362 2729 sio
386 2689 454 2730 cum
477 2669 601 2731 stabulis
625 2679 655 2730 et
677 2669 826 2729 messibus
848 2672 953 2748 ingens

61 2755 219 2836 iraqdeum
242 2766 273 2816 et
295 2756 411 2818 Calabri
432 2758 590 2838 populator
614 2758 709 2818 Sirius
733 2761 798 2818 arui

61 2844 211 2926 incubuit,
235 2847 296 2906 6616
318 2855 468 2924 agrestum
491 2865 596 2908 manus
620 2848 705 2906 anxia
727 2848 861 2924 priscum

60 2935 92 2991 in
115 2951 222 2994 nemus
246 2941 275 2994 et
297 2936 415 2995 miseris
438 2935 529 2996 dictat
550 2937 599 3014 pia
622 2943 692 2994 uota
715 2934 861 2993 sacerdos.
1024 2932 1076 2993 666

62 3040 131 3080 6666
156 3029 256 3082 autem
278 3023 359 3082 molli
382 3023 526 3102 zephyros
550 3022 732 3082 descendere
755 3020 841 3098 lapsu

61 3111 222 3190 aspiciunt3
245 3111 325 3171 uolat
347 3113 478 3172 inmissis
502 3130 574 3171 caua
596 3112 684 3189 pinus
707 3107 831 3167 habenis

60 3198 236 3277 infinditque
260 3200 355 3260 salum
378 3207 408 3260 66
431 3218 549 3278 spumas
573 3200 667 3259 uomit
690 3215 758 3256 aere
782 3195 917 3256 tridenti:

61 3285 171 3365 Tiphys
195 3289 254 3365 agit
276 3289 418 3366 tacitique
442 3288 547 3349 sedent
569 3288 606 3346 ad
628 3288 709 3347 iussa
731 3285 874 3364 ministri3

61 3374 188 3452 qualiter
211 3376 247 3435 ad
270 3379 378 3437 summi
401 3376 508 3437 solium
530 3376 609 3436 louis
634 3376 732 3434 omnia
755 3375 869 3434 circum
984 3383 985 3386 ’
1022 3383 1074 3435 600

58 3481 154 3541 prona
176 3473 277 3543 parata
301 3465 369 3547 deo,
393 3467 535 3544 uentique
560 3463 731 3541 imbresque
756 3464 901 3539 niuesque

59 3551 237 3631 fulguraque
261 3563 292 3613 et
315 3556 443 3615 tonitrus
467 3562 500 3615 66·
520 3553 616 3614 adhuc
639 3554 670 3612 in
694 3549 826 3613 lontibus
849 3567 959 3610 amnes.

765 3692 768 3698 .
828 3649 868 3705 a*
