2362 3938
118 188 181 255 148
459 186 488 242 C.
507 183 646 245 vacum
662 184 794 241 FLAOCI

117 338 238 418 aspicis:
261 337 309 397 ille
334 337 396 397 suis
419 335 492 397 haec
515 335 615 398 uibrat
637 334 755 415 fulgura
778 336 888 414 cristis,
1171 408 1175 417 ¹

115 444 225 505 meque
248 443 362 505 pauens
385 442 446 485 non
468 425 527 485 iam
550 423 643 487 solam
665 423 761 504 uidet,
783 423 862 489 haud
886 431 976 484 uocat
998 422 1175 521 11111

117 533 173 576 cau
197 514 286 597 solet,
309 522 339 575 et
362 511 468 575 blanda
490 514 588 592 poscit
609 531 657 577 me
680 509 788 604 pabula
809 511 919 591 lingua.
1168 536 1173 545 ·

119 603 167 663 dic
191 621 244 682 age
267 620 361 682 nuuc,
384 608 487 665 utrum
509 601 645 681 uigihnti
666 595 843 679 hostemque
866 599 984 665 uidenti

117 691 383 753 exuuiasauierre
406 689 494 771 uelis,
518 689 690 754 aerumna
712 707 817 755 111111
1095 698 1126 758 11

119 782 282 859 mergimus
306 787 336 839 et
359 778 505 841 domitum
527 780 629 881 potitos
651 777 707 843 titi
729 777 874 842 tradimus
897 772 1061 856 anguem‘d'

118 867 167 933 ille
191 868 271 949 silet3
295 873 377 927 tanta
399 865 492 930 subiit
514 868 547 929 ui
569 868 695 945 uirginis
717 865 835 929 horror

163 955 283 1035 lamque
306 973 413 1018 mauus
436 953 553 1017 Colchis
576 956 750 1034 uirgamque
773 954 1065 1032 1111111111111111,

117 1046 249 1105 carmina
271 1043 429 1109 barherioo
453 1043 582 1105 fundens
604 1044 695 1124 pede,
718 1050 807 1122 teque
831 1041 938 1123 ciebat,

119 1132 228 1193 Somne
251 1140 345 1212 pater.
374 1127 495 1195 ‘Somne
519 1133 717 1212 omnipotens,
739 1139 769 1192 te
794 1130 912 1199 Colchis
935 1129 974 1193 ab
996 1134 1079 1199 omui
1101 1143 1131 1194 11

119 1219 191 1281 orbe
216 1238 292 1280 uoco
314 1222 407 1298 inque
430 1237 524 1282 uarum
546 1218 635 1283 iubeo
659 1238 739 1283 nunc
762 1222 806 1281 ire
829 1219 1002 1301 1111111111,

117 1326 194 1389 quae
218 1307 294 1368 freta
317 1324 405 1386 saepe
429 1314 480 1368 tuo
501 1307 619 1388 domui,
642 1327 718 1387 quae
742 1306 843 1373 nubila
865 1325 963 1369 cornu

118 1396 303 1475 fulminaque
326 1402 357 1456 et
378 1402 442 1458 toto
457 1395 609 1475 quicquid
632 1399 721 1459 micat
744 1396 878 1477 aethere-3
899 1396 955 1459 sed
978 1414 1070 1477 nuuc,

119 1503 200 1546 nuno
225 1502 277 1564 age
301 1486 395 1546 maior
417 1484 489 1554 ades
512 1485 657 1564 fratrique
682 1484 829 1551 simillime
851 1483 935 1547 Leto.

119 1582 150 1634 te
173 1592 308 1654 quoque,
329 1572 473 1637 Phrixeae
495 1573 621 1654 pecudis
643 1573 786 1641 fidissime
810 1581 922 1653 eustos,
1102 1584 1133 1634 11

119 1670 239 1742 tempus
262 1661 299 1722 ab
321 1661 377 1723 hac
402 1661 505 1724 oculos
528 1662 648 1727 taudem
670 1661 829 1725 deflectere
854 1679 935 1724 cure.

121 1769 210 1830 quem
233 1751 342 1812 metuis
364 1768 412 1811 me
436 1757 550 1815 estmoe
574 1745 696 1813 dolum?
719 1749 846 1813 seruaho
869 1767 1033 1830 parumper

119 1840 184 1917 ipsa
207 1853 326 1920 nemus3
348 1837 472 1918 longum
492 1841 608 1901 interea
631 1846 665 1901 tu
685 1856 765 1918 pone
788 1833 943 1905 lahorem?

120 1925 169 1986 ille
192 1927 264 1987 haut
287 1926 388 1991 Aeolio
411 1926 565 1991 discedere
588 1927 687 1991 tessus
708 1925 746 1986 ab
769 1945 842 1989 auro

121 2031 178 2076 neo
201 2015 272 2076 dare
294 2017 458 2094 permissae
482 2008 634 2097 (quemuis
656 2008 756 2097 iuuet)
780 2033 832 2077 ora
856 2017 951 2098 quieti
1099 2027 1137 2081 80

33 2150 39 2160 .
123 2105 266 2182 sustinet;
290 2122 323 2163 ae
349 2105 439 2183 primi
460 2120 624 2185 percussus
646 2103 725 2177 nube
749 2105 866 2183 soporis

118 2191 242 2252 horruit
266 2198 296 2252 et
319 2190 422 2253 dulces
445 2194 577 2256 excussit
600 2211 725 2272 corpore
749 2209 878 2255 somnos.

124 2288 229 2340 contra
252 2279 402 2345 Tartareis
425 2279 543 2344 Colchis
566 2298 704 2360 spumare
727 2282 853 2342 uenenis

125 2376 292 2447 cunctaque
316 2366 439 2430 Lethaei
461 2385 602 2448 quassare
626 2368 742 2431 silentia
765 2371 840 2431 rami

123 2463 238 2534 perstat
261 2464 292 2517 et
314 2456 440 2523 aduerso
464 2454 606 2521 luctantia
628 2455 740 2521 1111111
763 2465 853 2519 cantu
1104 2467 1137 2525 so

124 2542 226 2617 obruit
244 2541 343 2623 'atque'
358 2561 480 2605 omnem
502 2543 661 2624 linguaque
685 2562 834 2626 manuque
857 2546 960 2624 fatigat

109 2632 189 2696 ,uim
212 2629 356 2711 Stygiam,
379 2631 519 2701 ardentes
542 2631 637 2695 donec
657 2650 750 2712 sopor
773 2644 900 2713 occupet
921 2637 992 2696 iras.
1075 2686 1077 2695 .

116 2717 239 2797 'iamque
264 2718 338 2783 altae
363 2718 498 2783 cecidere
518 2719 622 2801 iubae,
645 2728 789 2802 nutatque
816 2730 953 2791 coactum

123 2810 182 2868 iam
205 2815 294 2888 caput
316 2815 404 2888 atque
427 2810 533 2889 ingens
557 2817 641 2873 extra
664 2829 717 2873 sua
740 2810 852 2871 uellera
874 2813 988 2892 ceruix,

123 2914 180 2957 ceu
202 2896 334 2964 refluens
355 2896 455 2959 Padus
478 2905 530 2959 aut
552 2907 667 2980 septem
689 2902 842 2981 proiectus
865 2901 896 2963 in
919 2917 1023 2963 amnes
1105 2911 1138 2960 1ο

126 2983 212 3045 Nilus
235 2993 265 3047 et
283 2985 467 3068 Hesperium
489 2991 615 3051 ueniens
638 2989 767 3070 Alpheos
788 2990 820 3049 in
844 2987 956 3050 orbem.

122 3074 189 3152 ipsa
212 3082 302 3153 caput
324 3077 386 3138 cari
409 3084 569 3156 postquam
590 3077 692 3139 Medea
715 3078 853 3139 draconis

124 3160 201 3221 uidit
222 3161 319 3244 humi,
341 3164 417 3227 susis
438 3165 554 3226 ciccum
575 3167 709 3244 proiecta
731 3164 851 3227 lacertis

124 3265 217 3327 seque
240 3268 388 3329 suumque
411 3250 501 3315 simul
521 3251 606 3313 fleuit
629 3252 759 3313 crudelis
782 3253 943 3317 alumnum.

124 3328 197 3395 nou
220 3355 275 3482 efge
298 3346 328 3401 te
351 3357 419 3401 sera
441 3337 529 3405 talem
544 3338 608 3401 sub
632 3347 718 3401 noete
743 3341 882 3404 uideham
1106 3352 1140 3404 so

124 3439 208 3481 sacra
231 3425 331 3486 serens
354 3427 516 3507 epulasque
540 3425 607 3506 tihi,
629 3444 686 3486 neo
709 3429 776 3490 talis
799 3429 893 3491 hianti

125 3508 211 3568 mella
235 3511 340 3574 dabam
363 3533 397 3575 ac
420 3516 531 3576 nostris
555 3512 707 3576 nutribam
730 3514 787 3576 oda
811 3516 944 3576 uenenis.
