2362 3938
405 142 541 204 sarnum
560 144 752 181 coausrrouru.
991 129 1055 194 629

91 284 210 322 sursum
224 267 318 326 ducta.
338 265 423 318 etiarn
435 266 621 320 masculorum
634 266 846 320 ascendentium
859 283 995 336 personae
1008 269 1056 322 ad-

92 336 219 398 dantur,
243 333 347 401 pertim
365 334 430 400 quia
449 334 535 386 etiam
553 333 589 386 ad
607 335 738 400 parentes
760 335 973 388 manumissores
992 335 1056 404 lege

92 401 244 454 hereditas
263 400 345 465 redit,
363 402 467 467 partim
483 400 550 467 quia
567 417 663 453 omnes
681 402 847 468 agnatorum
859 418 876 455 a
888 402 976 454 latere
994 404 1054 455 iun-

94 472 209 522 ctorum
228 468 333 535 gradus
352 467 430 519 velut
448 467 580 520 adiuncta
598 468 672 520 scala
690 467 828 522 adireota
846 469 1056 521 ascendentium

93 535 176 589 linea
193 534 334 602 pendent:
353 550 425 600 quae
444 535 515 587 ratio
529 536 614 587 etiam
632 533 733 600 effecit,
752 536 784 587 ut
800 550 863 587 cum
880 535 910 587 in
927 535 1003 588 linea
1015 536 1055 587 di·

95 604 178 656 recta
189 601 283 668 prisco
296 600 425 654 instituto
437 601 547 653 tantum
560 601 692 668 usquead
704 602 839 655 tritavum
851 601 1057 669 trinepotemve

116 683 238 722 ersonae
252 667 336 721 certis
354 668 512 720 nominibus
530 669 840 735 comprehenderentur,
860 669 946 722 ctiam
960 670 1057 738 agnati

147 740 211 788 tum
230 736 266 787 ad
285 736 395 789 sextum
413 751 502 802 usque
520 735 638 803 gradum
660 735 922 788 demonstrarentur.
956 736 1058 804 Itaque

96 806 126 855 in
146 802 293 871 superiore
333 803 392 854 erte
404 801 527 870 primum
544 803 624 855 iuxta
661 805 772 855 arentes
790 818 824 855 ex
841 803 930 856 latere
943 803 1057 856 venien-

97 872 171 923 tium
184 869 290 937 capita,
310 819 433 933 iiatrem,
446 872 578 936 patruum
591 871 620 922 et
651 870 762 936 einceps
775 885 862 936 usque
875 870 912 923 ad
923 871 1056 946 patruum

98 937 266 1001 maximum,
286 935 335 1002 qui
353 938 396 988 est
412 937 490 988 sexto
509 936 606 1004 gradu,
625 936 703 990 vides
721 936 835 1003 positos,
854 953 871 990 a
888 938 989 1004 qurbus
1002 938 1065 990 orti'

98 1003 203 1057 deinde
224 1019 319 1055 rursus
337 1002 444 1055 directa
461 1002 537 1056 linea
553 1003 602 1056 sed
619 1005 648 1054 in
666 1003 754 1056 latere
771 1019 822 1071 per
838 1006 940 1071 gradus
953 1020 969 1057 a
980 1003 1057 1056 felici

97 1071 214 1124 sinistra
231 1069 269 1122 ad
287 1069 415 1122 dextram
432 1070 617 1137 procedentes
630 1071 659 1122 et
675 1085 763 1136 usque
776 1071 812 1122 ad
824 1072 934 1124 sextum
945 1072 1056 1125 tantum

98 1138 221 1257 ffirladum
246 1138 410 1201 sequuntur.
445 1140 487 1189 Ne
504 1152 571 1189 vero
595 1137 767 1200 crederetur,
788 1138 905 1204 perinde
923 1140 956 1191 ut
972 1139 1003 1191 hi
1020 1139 1056 1192 ab

133 1205 156 1256 's
173 1203 317 1279 capitibus
355 1203 514 1279 eneratione
532 1204 673 1280 oriuntur,
697 1204 782 1256 etiam
801 1207 894 1272 capita
911 1205 991 1259 iuxta
1007 1221 1057 1282 pa·

98 1272 195 1325 rentes
219 1220 418 1346 quemad-his
440 1272 589 1347 progenita
609 1272 701 1346 posita
723 1286 795 1348 esse,
818 1274 879 1324 tota
901 1273 976 1326 scala
997 1289 1056 1326 srve

99 1356 116 1392 a
133 1338 224 1392 latere
243 1338 420 1389 venientium
437 1337 505 1390 ordo
524 1353 540 1390 a
557 1337 632 1390 linea
649 1337 757 1390 drrecta
773 1339 921 1392 s1mulacro
935 1338 1056 1406 quodam

99 1405 251 1458 distinctus
264 1404 309 1457 est
320 1403 489 1471 imaginibus
501 1404 768 1472 consanguineorum
781 1405 790 1471 (
812 1405 841 1457 ui
850 1405 930 1471 quasi
941 1407 1003 1459 fons
1015 1408 1058 1460 est

99 1490 117 1526 a
128 1472 221 1548 latere
239 1471 412 1538 iunctorum)
426 1471 581 1548 etquidem
599 1471 687 1548 puelli
700 1473 730 1550 et
739 1422 851 1549 pueiiae
869 1473 1057 1574 generationis

98 1537 498 1682 grassatura
510 1538 1057 1676 retardassettaltorta

100 1676 130 1750 et
147 1671 304 1725 Haenehus
322 1672 451 1749 omittere
468 1687 524 1725 non
543 1672 691 1750 debebant.
708 1671 801 1749 ‘Quod
813 1688 880 1748 vero
897 1673 985 1726 frater
1001 1691 1057 1727 non

100 1743 181 1792 iuxta
199 1741 319 1807 patrem,
338 1739 387 1791 sed
405 1739 589 1816 1uxtaavum
608 1743 637 1792 et
654 1739 782 1791 s1m1hter
799 1738 931 1806 deinceps
947 1757 1058 1821 rursum

100 1806 365 1950 {salariata
376 1806 785 1950 taessdtsslttltlasla
802 1807 1058 1939 stratella

99 1941 174 1993 hunc
189 1956 224 2017 ex
238 1939 348 1993 fortrorr
366 1940 489 2016 directae
506 1943 708 2017 coniunctionis
724 1954 869 2017 rure‚·non
887 1939 923 1992 ad
940 1940 1057 1994 fratrem

100 2007 467 2150 &litteratam
480 2005 1058 2152 {rallatacitaetacitae

100 2142 175 2218 idern
194 2141 301 2218 modus
322 2142 366 2218 est
388 2143 488 2220 arcet
507 2143 600 2218 fram,
622 2156 727 2209 proavo
747 2141 776 2193 et
792 2145 893 2208 patruo
912 2144 964 2196 etc.
1003 2143 1058 2197 Sed

102 2211 131 2285 et
147 2208 221 2285 illud
240 2224 275 2260 ex
293 2224 361 2260 runs
373 2207 463 2260 crvrlrs
481 2208 637 2261 rubt1htate
655 2208 797 2284 sumptum
811 2210 859 2267 est,
878 2209 1058 2290 quodfrater

101 2276 263 2411 traaas
274 2274 532 2418 deletitia
542 2274 803 2420 liliati&
821 2276 918 2420 stille
936 2293 1058 2398 alil

102 2412 185 2474 stent,
204 2410 342 2485 tanquam
354 2424 574 2476 consangumeus
586 2409 660 2462 mter
672 2421 743 2472 suos,
762 2424 880 2475 quorum
894 2427 955 2464 rure
967 2427 1058 2478 paene

101 2491 305 2552 consangumer
323 2475 518 2541 censebantur,
535 2477 663 2529 refertur.
695 2473 774 2538 Quod
787 2477 881 2528 autem
897 2478 926 2528 in
945 2494 1058 2531 suorum

101 2559 230 2612 personrs
248 2542 379 2619 masculis
397 2542 511 2594 additur
529 2543 636 2610 ‘quiex
651 2543 791 2619 potestate
804 2559 859 2595 non
873 2545 961 2608 exiit’,
979 2545 1058 2598 femi-

101 2610 145 2663 nis
162 2625 233 2664 vero
253 2617 346 2685 ‘quae'
355 2626 385 2661 111
403 2625 488 2662 manu
506 2611 574 2674 est’,
592 2618 729 2686 ‘quae-111·
745 2611 885 2687 potestate
904 2613 970 2676 est’,
993 2628 1059 2666 ean-

101 2678 167 2731 dem
185 2677 276 2730 habet
294 2676 442 2742 ratonem,
460 2676 672 2743 propterquam
689 2675 732 2729 rllr
744 2691 823 2741 quas1
837 2679 923 2745 stipes
934 2677 1058 2733 familiae

101 2745 131 2797 in
147 2743 247 2798 media
263 2742 331 2812 pila,
352 2744 466 2796 domum
483 2744 603 2796 maxime
621 2743 736 2806 ferente,
758 2743 812 2797 hae
834 2746 968 2812 tanquam
986 2747 1058 2799 rami

101 2813 131 2887 in
152 2811 270 2865 sinistra
291 2811 321 2863 et
343 2808 442 2887 dertra
462 2809 522 2877 pila
543 2810 678 2888 parietali
695 2809 780 2887 positi
801 2812 873 2865 sunt.
913 2812 961 2865 Uti
984 2814 1059 2866 enim

101 2878 156 2932 illis
175 2878 294 2931 domum
311 2876 503 2944 famrlramque
521 2879 652 2942 retinere,
670 2878 712 2931 sta
728 2879 771 2931 h1s
788 2894 844 2930 non
862 2894 1018 2946 propagare
1030 2881 1060 2932 et

102 2945 185 2998 facile
204 2944 367 3021 relinquere
385 2944 512 3019 naturale
525 2946 574 2997 est.
604 2944 653 3020 llis
668 2944 825 3020 rationibus
837 2946 991 3020 perspectis
1002 2960 1058 3019 non

102 3012 257 3076 dubitabls,
274 3011 329 3063 hoc
346 3013 500 3064 stemmatis
519 3010 665 3064 artificium
684 3028 718 3064 ex
735 3011 841 3064 intimis
857 3013 961 3062 veteris
977 3027 1057 3061 ruris-

46 3079 273 3147 ssapmdenlias
295 3077 425 3130 medullis
447 3077 631 3130 derivandum
654 3078 736 3131 etad
759 3079 901 3131 auctorem
924 3077 967 3127 sat
988 3075 1057 3126 anti·

101 3163 202 3266 guum,
222 3149 253 3199 et
270 3144 295 3198 si
311 3144 381 3197 mihi
399 3144 522 3211 accedis,
543 3145 589 3198 vel
606 3147 732 3213 Augusto
751 3143 919 3197 anteriorem
936 3141 1057 3194 referen-

120 3230 168 3267 nm
185 3229 258 3271 esse.

101 3338 317 3348 ——-————

173 3407 193 3476 ¹)
208 3407 303 3457 Eadem
319 3406 404 3467 imago,
419 3406 490 3454 ctiam
504 3406 609 3468 parentis
624 3406 700 3466 effigie
715 3403 816 3460 adiecta,
830 3403 932 3452 recurrit
946 3403 970 3451 iu
985 3410 1058 3452 stem-

100 3488 170 3544 mle,
184 3478 252 3543 quod
268 3476 364 3525 Reizius
380 3476 409 3525 ad
420 3476 524 3540 Theoph.
537 3488 558 3534 s,
569 3487 602 3527 ro.
618 3490 645 3524 er
659 3475 711 3524 cod.
727 3473 803 3522 instit.
814 3472 964 3524 ll'orvilliouo
975 3472 1056 3525 edidit.
