2362 3938
28 207 94 272 134
445 200 556 257 urana
572 200 620 255 111.

26 371 121 450 bore,
155 367 210 432 sed
238 367 351 450 lingua
380 365 567 444 barbarica,
596 363 727 447 eiusque
752 363 1045 445 interpretamenta

24 456 142 522 habuit
166 456 339 539 quisquam
362 455 458 518 nobis
477 458 510 518 et
528 452 702 516 dissertare
722 450 871 515 audebat.
907 449 946 514 Id
971 473 1045 516 cum

26 543 224 610 obstinatius
252 543 374 607 faceret
402 541 640 626 cupiditateque
669 540 758 605 omni
786 540 827 604 ad
856 539 1045 622 significan-

27 634 109 698 tiam
128 633 218 698 vocis
241 632 378 696 emissae
396 650 605 714 properarem
623 628 848 693 interminatus
873 629 1046 712 interpreti

0 750 8 777 κ
29 743 150 806 necem,
168 722 231 786 nisi
249 719 360 784 sedulo
380 718 460 782 mihi
473 717 640 802 praedicta
657 718 832 799 narrasset,
850 718 1045 799 perterritus

29 811 161 875 tandem
187 807 345 874 eiusmodi
375 828 446 871 esse
472 827 665 889 responsum
696 806 821 870 arboris
847 805 927 870 fert:
958 807 1045 890 quod

28 900 116 963 enim
139 899 231 964 obitu
254 896 358 961 veloci
382 899 414 959 et
439 917 555 960 occasu
577 896 643 959 iam
666 895 815 977 proximo
839 895 928 958 vitae
954 916 1045 959 meae

29 988 137 1070 spatia
160 988 388 1070 arguerentur,
419 1004 553 1066 eamque
576 986 716 1047 mortem
739 1004 805 1047 non
828 982 868 1045 de
893 985 1045 1069 externis,

29 1075 193 1139 enimvero
213 1074 251 1137 de
270 1074 350 1137 meis
370 1075 403 1137 et
416 1072 574 1155 proximis
588 1071 667 1136 fore.
695 1071 785 1146 Quae
804 1070 892 1135 dicta
911 1093 985 1136 cum
1006 1095 1044 1137 ex

1 1167 147 1226 enatura
168 1161 311 1226 hominis
339 1182 449 1225 meum
477 1180 604 1243 quoque
632 1159 776 1224 animum
800 1160 982 1226 attillarent
1008 1183 1045 1226 ac
1089 1214 1092 1219 .

27 1250 87 1314 sub
122 1252 196 1314 ortu
228 1249 324 1313 lunae
355 1270 467 1313 rursus
501 1271 539 1313 ex
571 1248 686 1312 arbore
716 1248 838 1312 femina
875 1250 1043 1327 oraculum

26 1337 107 1402 mihi
138 1337 318 1403 sciscitanti
351 1337 441 1402 reddi
470 1335 660 1421 deprecarer
689 1357 846 1420 quaerens
883 1340 917 1401 et
951 1339 1043 1403 obse-

27 1447 130 1509 crans,
152 1449 308 1492 numnam
326 1431 430 1491 matre
450 1428 482 1490 et
500 1425 657 1509 proximis
677 1426 828 1490 salutatis
848 1426 959 1491 obitus
977 1428 1043 1491 mei

27 1515 206 1580 clausulam
222 1516 387 1580 subiturus
403 1515 474 1598 sim,
492 1536 559 1580 non
573 1515 715 1580 barbara
729 1515 805 1599 iam,
824 1514 881 1578 scd
898 1514 1042 1580 Graecae

28 1605 158 1689 linguae
178 1604 398 1689 significantia
416 1604 541 1670 lunaris
562 1604 658 1669 arbor
677 1604 805 1670 elocuta
824 1606 882 1688 est,
903 1609 1042 1669 mortem

27 1693 108 1758 mihi
132 1693 167 1757 in
190 1692 376 1777 Babylonia
400 1715 470 1758 esse
493 1694 636 1760 fatalem.

118 1780 176 1847 27.
213 1782 251 1849 Id
282 1783 362 1849 satis
392 1783 486 1847 triste
516 1783 696 1866 mirumque
727 1781 900 1847 admodum
930 1781 1042 1846 amicis
1059 1792 1101 1845 42.

28 1869 262 1936 adsistentibus
282 1872 460 1937 videbatur.
494 1871 567 1956 Ego
586 1876 696 1936 tamen
714 1871 840 1936 coronis
860 1873 956 1952 atque
977 1871 1043 1936 alio

9 1960 181 2044 ‘religioso
208 1960 333 2025 honore
360 1960 468 2025 locum
495 1961 616 2024 donare
644 1960 840 2025 contendens
869 1981 941 2022 sum
967 1981 1042 2044 pro-

1 2048 151 2113 chibitus
176 2071 195 2112 a
218 2048 454 2130 sacerdotibus,
483 2048 569 2131 quod
592 2046 814 2111 huiuscemodi
836 2067 972 2109 munera
997 2048 1044 2113 dii

28 2136 187 2218 indigetes
203 2136 399 2200 abnuissent.
428 2134 576 2218 Agebam
591 2137 734 2197 maestus
752 2137 784 2196 et
798 2135 1044 2213 exspectatione

27 2222 128 2285 futuri
156 2221 329 2287 admodum
359 2223 505 2304 territus3
531 2220 726 2285 Parmenion
752 2223 860 2281 tamen
889 2239 940 2280 me
964 2219 1042 2282 Phi-

27 2309 197 2392 lippusque
226 2309 261 2372 in
290 2331 439 2374 somnum
469 2330 506 2374 ao
533 2309 676 2391 requiem
702 2304 928 2369 hortabantur.
976 2303 1041 2372 Sed

26 2395 59 2459 id
83 2418 210 2480 quoque
234 2418 307 2461 cum
331 2396 537 2461 omnifariam
561 2393 760 2478 negitassem
784 2416 821 2458 ac
848 2391 914 2458 iam
937 2394 1040 2461 ferme

28 2483 95 2548 dies
126 2485 297 2568 insequens
327 2484 589 2566 indiluoesceret,
620 2482 728 2566 ipsum
761 2482 802 2546 ad
832 2504 960 2548 sacrum
992 2486 1039 2550 ire

27 2573 184 2638 contendo
220 2572 468 2657 adtrectansque
500 2573 647 2636 arborem
681 2594 800 2657 quaeso
833 2577 1040 2658 percontans,

27 2660 143 2745 ecquid
167 2661 195 2727 si
217 2662 304 2726 ritae
326 2661 495 2745 praedicto
520 2660 600 2726 adeo
624 2683 788 2748 arguerer,
811 2664 968 2727 rerectari
992 2667 1038 2727 ta-

26 2771 102 2813 men
130 2750 169 2814 ad
197 2749 423 2815 Macedoniam
451 2772 567 2834 corpus
595 2773 703 2815 meum
731 2751 776 2815 dii
803 2751 1039 2836 promitterent,

27 2839 177 2904 viderene
200 2842 338 2903 matrem
362 2841 458 2924 atque
481 2861 616 2904 uxorem
634 2840 722 2904 ultra
739 2841 943 2925 potuissem?
976 2839 1039 2906 Sed

118 3002 133 3051 1
152 2995 299 3051 barbarica
312 3012 380 3052 corr.
395 3012 429 3051 ea
441 2995 583 3049 barbarici
597 2996 632 3050 A.
660 2997 775 3066 eiusque
789 2998 1041 3068 interpretamenta

28 3072 74 3122 etc.
90 3074 229 3137 corrupta.
254 3067 504 3137 interpretamenta
517 3081 600 3121 nemo
615 3068 764 3135 quisquam
778 3067 860 3124 nobis
875 3070 1040 3123 edissertare

30 3139 105 3194 Mai.
142 3146 158 3194 3
176 3141 283 3194 faceret
299 3139 413 3208 scripsi;
431 3137 600 3193 facerentA.
624 3138 839 3208 significentiam
849 3139 885 3192 A.
922 3145 940 3190 4
959 3139 1040 3191 emis-

29 3225 76 3263 sae
95 3226 274 3279 properarem
294 3211 368 3266 Μαί.
393 3208 496 3263 emissa
513 3225 710 3279 praepararem
729 3210 765 3263 A.
809 3207 914 3262 amois
932 3210 1039 3275 scripsi.

28 3279 167 3336 deibusA.
188 3279 494 3337 comitibusMui².Mr.
533 3284 566 3334 12
581 3277 818 3334 sciscitantiMai.
839 3276 1038 3333 scissitandiA.

29 3355 62 3402 13
81 3353 470 3477 mtJ{ffm,g4’indilu0„„„,
490 3421 525 3477 A.
606 3427 641 3475 26
665 3419 875 3486 attrectansque
900 3418 975 3471 Mai.
1003 3419 1040 3473 ad

27 3492 189 3558 rectamque
199 3493 234 3547 A.
272 3497 304 3545 27
325 3490 512 3558 ecquidMui.
538 3493 568 3547 et
586 3491 662 3560 quod
671 3495 706 3545 A.
743 3495 778 3544 28
797 3488 994 3559 promitterent
1003 3489 1039 3547 A.

26 3561 223 3630 permitterent
242 3563 315 3616 Mai.
