<?xml version="1.0" encoding="UTF-8"?>
<!DOCTYPE html PUBLIC "-//W3C//DTD XHTML 1.0 Transitional//EN"
    "http://www.w3.org/TR/xhtml1/DTD/xhtml1-transitional.dtd">
<html xmlns="http://www.w3.org/1999/xhtml" xml:lang="en" lang="en">
 <head>
  <title>
</title>
<meta http-equiv="Content-Type" content="text/html;charset=utf-8" />
  <meta name='ocr-system' content='tesseract 3.04.00' />
  <meta name='ocr-capabilities' content='ocr_page ocr_carea ocr_par ocr_line ocrx_word'/>
</head>
<body>
  <div class='ocr_page' id='page_1' title='image "./domitiivlpianiq00huscgoog/domitiivlpianiq00huscgoog_0545.png"; bbox 0 0 2376 3938; ppageno 0'>
   <div class='ocr_carea' id='block_1_1' title="bbox 127 178 803 250">
    <p class='ocr_par' dir='ltr' id='par_1_1' title="bbox 127 178 803 250">
     <span class='ocr_line' id='line_1_1' title="bbox 127 178 803 250; baseline -0.003 -11"><span class='ocrx_word' id='word_1_1' title='bbox 127 183 191 250; x_wconf 78' lang='lat'><strong>102</strong></span> <span class='ocrx_word' id='word_1_2' title='bbox 467 181 498 237; x_wconf 81' lang='lat' dir='ltr'><strong>d.</strong></span> <span class='ocrx_word' id='word_1_3' title='bbox 516 178 654 237; x_wconf 69' lang='lat' dir='ltr'><strong>veum</strong></span> <span class='ocrx_word' id='word_1_4' title='bbox 670 178 803 237; x_wconf 72' lang='lat' dir='ltr'><strong>mcor</strong></span> 
     </span>
    </p>
   </div>
   <div class='ocr_carea' id='block_1_2' title="bbox 122 331 1134 944">
    <p class='ocr_par' dir='ltr' id='par_1_2' title="bbox 122 331 951 412">
     <span class='ocr_line' id='line_1_2' title="bbox 122 331 951 412; baseline -0.004 -19"><span class='ocrx_word' id='word_1_5' title='bbox 122 332 251 412; x_wconf 87' lang='lat' dir='ltr'><strong>subligat</strong></span> <span class='ocrx_word' id='word_1_6' title='bbox 273 337 304 392; x_wconf 91' lang='lat' dir='ltr'><strong>et</strong></span> <span class='ocrx_word' id='word_1_7' title='bbox 327 333 433 392; x_wconf 88' lang='lat' dir='ltr'><strong>stricto</strong></span> <span class='ocrx_word' id='word_1_8' title='bbox 456 337 514 392; x_wconf 82' lang='lat' dir='ltr'><strong>stat</strong></span> <span class='ocrx_word' id='word_1_9' title='bbox 536 331 690 409; x_wconf 80' lang='lat' dir='ltr'><strong>proximus</strong></span> <span class='ocrx_word' id='word_1_10' title='bbox 714 331 843 409; x_wconf 70' lang='lat' dir='ltr'><strong>mmiger</strong></span> <span class='ocrx_word' id='word_1_11' title='bbox 864 347 951 410; x_wconf 76' lang='lat' dir='ltr'><strong>arcu,</strong></span> 
     </span>
    </p>

    <p class='ocr_par' dir='ltr' id='par_1_3' title="bbox 123 415 1132 588">
     <span class='ocr_line' id='line_1_3' title="bbox 123 415 1132 501; baseline 0 -19"><span class='ocrx_word' id='word_1_12' title='bbox 123 440 179 482; x_wconf 88' lang='lat' dir='ltr'><strong>ceu</strong></span> <span class='ocrx_word' id='word_1_13' title='bbox 201 437 332 501; x_wconf 90' lang='lat' dir='ltr'><strong>pugnam</strong></span> <span class='ocrx_word' id='word_1_14' title='bbox 354 426 440 500; x_wconf 84' lang='lat' dir='ltr'><strong>paret</strong></span> <span class='ocrx_word' id='word_1_15' title='bbox 462 424 493 480; x_wconf 90' lang='lat' dir='ltr'><strong>et</strong></span> <span class='ocrx_word' id='word_1_16' title='bbox 515 421 628 499; x_wconf 84' lang='lat' dir='ltr'><strong>positas</strong></span> <span class='ocrx_word' id='word_1_17' title='bbox 651 417 835 480; x_wconf 78' lang='lat' dir='ltr'><strong>confundere</strong></span> <span class='ocrx_word' id='word_1_18' title='bbox 858 415 1015 481; x_wconf 71' lang='lat' dir='ltr'><strong>mm?</strong></span> <span class='ocrx_word' id='word_1_19' title='bbox 1088 431 1132 482; x_wconf 71' lang='lat' dir='ltr'><strong>stt</strong></span> 
     </span>
     <span class='ocr_line' id='line_1_4' title="bbox 123 505 792 588; baseline -0.004 -18"><span class='ocrx_word' id='word_1_20' title='bbox 123 516 228 570; x_wconf 91' lang='lat' dir='ltr'><strong>contra</strong></span> <span class='ocrx_word' id='word_1_21' title='bbox 249 507 425 588; x_wconf 84' lang='lat' dir='ltr'><strong>flammigeri</strong></span> <span class='ocrx_word' id='word_1_22' title='bbox 447 507 547 588; x_wconf 81' lang='lat' dir='ltr'><strong>proles</strong></span> <span class='ocrx_word' id='word_1_23' title='bbox 569 507 692 569; x_wconf 77' lang='lat' dir='ltr'>Perseia</span> <span class='ocrx_word' id='word_1_24' title='bbox 715 505 792 567; x_wconf 89' lang='lat' dir='ltr'><strong>Solis</strong></span> 
     </span>
    </p>

    <p class='ocr_par' dir='ltr' id='par_1_4' title="bbox 123 590 1042 853">
     <span class='ocr_line' id='line_1_5' title="bbox 124 590 1042 678; baseline -0.001 -18"><span class='ocrx_word' id='word_1_25' title='bbox 124 593 227 678; x_wconf 75' lang='lat' dir='ltr'><strong>‘quem</strong></span> <span class='ocrx_word' id='word_1_26' title='bbox 249 599 376 678; x_wconf 80' lang='lat' dir='ltr'><strong>rogitas,</strong></span> <span class='ocrx_word' id='word_1_27' title='bbox 400 590 565 657; x_wconf 84' lang='lat' dir='ltr'><strong>Carmeius&#39;</strong></span> <span class='ocrx_word' id='word_1_28' title='bbox 588 598 642 677; x_wconf 68' lang='lat' dir='ltr'><strong>ait,</strong></span> <span class='ocrx_word' id='word_1_29' title='bbox 666 591 742 656; x_wconf 74' lang='lat' dir='ltr'><strong>‘mos</strong></span> <span class='ocrx_word' id='word_1_30' title='bbox 765 596 934 656; x_wconf 83' lang='lat' dir='ltr'><strong>comminus</strong></span> <span class='ocrx_word' id='word_1_31' title='bbox 958 614 1042 659; x_wconf 84' lang='lat' dir='ltr'><strong>arma</strong></span> 
     </span>
     <span class='ocr_line' id='line_1_6' title="bbox 123 680 1021 767; baseline 0 -20"><span class='ocrx_word' id='word_1_32' title='bbox 123 705 242 767; x_wconf 88' lang='lat' dir='ltr'><strong>semper</strong></span> <span class='ocrx_word' id='word_1_33' title='bbox 263 685 375 749; x_wconf 86' lang='lat' dir='ltr'><strong>hahere</strong></span> <span class='ocrx_word' id='word_1_34' title='bbox 398 687 479 766; x_wconf 90' lang='lat' dir='ltr'><strong>uiro,</strong></span> <span class='ocrx_word' id='word_1_35' title='bbox 502 702 621 764; x_wconf 88' lang='lat' dir='ltr'><strong>semper</strong></span> <span class='ocrx_word' id='word_1_36' title='bbox 643 685 813 745; x_wconf 79' lang='lat' dir='ltr'><strong>meminisse</strong></span> <span class='ocrx_word' id='word_1_37' title='bbox 836 680 1021 764; x_wconf 69' lang='lat' dir='ltr'><strong>pharetrae!</strong></span> 
     </span>
     <span class='ocr_line' id='line_1_7' title="bbox 124 769 1003 853; baseline 0 -17"><span class='ocrx_word' id='word_1_38' title='bbox 124 770 231 836; x_wconf 76' lang='lat' dir='ltr'><strong>‘illum’</strong></span> <span class='ocrx_word' id='word_1_39' title='bbox 255 777 296 836; x_wconf 90' lang='lat' dir='ltr'><strong>ait</strong></span> <span class='ocrx_word' id='word_1_40' title='bbox 318 774 482 836; x_wconf 78' lang='lat' dir='ltr'><strong>Aesonides</strong></span> <span class='ocrx_word' id='word_1_41' title='bbox 501 769 625 852; x_wconf 80' lang='lat' dir='ltr'><strong>‘pariter</strong></span> <span class='ocrx_word' id='word_1_42' title='bbox 647 774 737 853; x_wconf 82' lang='lat' dir='ltr'><strong>refer,</strong></span> <span class='ocrx_word' id='word_1_43' title='bbox 760 772 882 833; x_wconf 88' lang='lat' dir='ltr'><strong>horrida</strong></span> <span class='ocrx_word' id='word_1_44' title='bbox 905 774 1003 852; x_wconf 81' lang='lat' dir='ltr'><strong>signis</strong></span> 
     </span>
    </p>

    <p class='ocr_par' dir='ltr' id='par_1_5' title="bbox 123 855 1134 944">
     <span class='ocr_line' id='line_1_8' title="bbox 123 855 1134 944; baseline -0.002 -19"><span class='ocrx_word' id='word_1_45' title='bbox 123 867 173 925; x_wconf 91' lang='lat' dir='ltr'><strong>cui</strong></span> <span class='ocrx_word' id='word_1_46' title='bbox 197 863 327 944; x_wconf 79' lang='lat' dir='ltr'><strong>chlamys</strong></span> <span class='ocrx_word' id='word_1_47' title='bbox 350 871 380 924; x_wconf 91' lang='lat' dir='ltr'><strong>et</strong></span> <span class='ocrx_word' id='word_1_48' title='bbox 403 863 496 923; x_wconf 81' lang='lat' dir='ltr'><strong>mrrlta</strong></span> <span class='ocrx_word' id='word_1_49' title='bbox 518 865 611 941; x_wconf 84' lang='lat' dir='ltr'><strong>spirat</strong></span> <span class='ocrx_word' id='word_1_50' title='bbox 633 880 718 922; x_wconf 85' lang='lat' dir='ltr'><strong>coma</strong></span> <span class='ocrx_word' id='word_1_51' title='bbox 740 861 846 922; x_wconf 86' lang='lat' dir='ltr'><strong>flexilis</strong></span> <span class='ocrx_word' id='word_1_52' title='bbox 868 855 964 923; x_wconf 67' lang='lat' dir='ltr'><strong>aura?</strong></span> <span class='ocrx_word' id='word_1_53' title='bbox 1090 873 1134 923; x_wconf 80' lang='lat' dir='ltr'><strong>ssi</strong></span> 
     </span>
    </p>
   </div>
   <div class='ocr_carea' id='block_1_3' title="bbox 60 949 1145 3490">
    <p class='ocr_par' dir='ltr' id='par_1_6' title="bbox 123 949 1027 1122">
     <span class='ocr_line' id='line_1_9' title="bbox 123 949 1027 1031; baseline 0 -18"><span class='ocrx_word' id='word_1_54' title='bbox 123 954 247 1031; x_wconf 91' lang='lat' dir='ltr'><strong>respicit</strong></span> <span class='ocrx_word' id='word_1_55' title='bbox 268 952 377 1013; x_wconf 81' lang='lat' dir='ltr'><strong>Aeetes</strong></span> <span class='ocrx_word' id='word_1_56' title='bbox 399 951 496 1030; x_wconf 89' lang='lat' dir='ltr'><strong>adque</strong></span> <span class='ocrx_word' id='word_1_57' title='bbox 520 950 599 1011; x_wconf 90' lang='lat' dir='ltr'><strong>huno</strong></span> <span class='ocrx_word' id='word_1_58' title='bbox 623 968 743 1029; x_wconf 90' lang='lat' dir='ltr'><strong>quoque</strong></span> <span class='ocrx_word' id='word_1_59' title='bbox 766 951 888 1010; x_wconf 87' lang='lat' dir='ltr'><strong>nomine</strong></span> <span class='ocrx_word' id='word_1_60' title='bbox 910 949 1027 1014; x_wconf 84' lang='lat' dir='ltr'><strong>reddit:</strong></span> 
     </span>
     <span class='ocr_line' id='line_1_10' title="bbox 123 1035 941 1122; baseline -0.005 -20"><span class='ocrx_word' id='word_1_61' title='bbox 123 1035 220 1102; x_wconf 76' lang='lat' dir='ltr'><strong>‘diues</strong></span> <span class='ocrx_word' id='word_1_62' title='bbox 242 1040 338 1120; x_wconf 80' lang='lat' dir='ltr'><strong>Aron3</strong></span> <span class='ocrx_word' id='word_1_63' title='bbox 361 1058 483 1102; x_wconf 91' lang='lat' dir='ltr'><strong>croceos</strong></span> <span class='ocrx_word' id='word_1_64' title='bbox 507 1041 549 1122; x_wconf 84' lang='lat' dir='ltr'><strong>sic</strong></span> <span class='ocrx_word' id='word_1_65' title='bbox 573 1038 653 1100; x_wconf 90' lang='lat' dir='ltr'><strong>illins</strong></span> <span class='ocrx_word' id='word_1_66' title='bbox 676 1040 773 1099; x_wconf 90' lang='lat' dir='ltr'><strong>omnis</strong></span> <span class='ocrx_word' id='word_1_67' title='bbox 796 1037 904 1099; x_wconf 87' lang='lat' dir='ltr'><strong>odores</strong></span> <span class='ocrx_word' id='word_1_68' title='bbox 940 1074 941 1078; x_wconf 62' lang='lat'><em>=</em></span> 
     </span>
    </p>

    <p class='ocr_par' dir='ltr' id='par_1_7' title="bbox 123 1127 1008 1209">
     <span class='ocr_line' id='line_1_11' title="bbox 123 1127 1008 1209; baseline -0.001 -20"><span class='ocrx_word' id='word_1_69' title='bbox 123 1131 213 1190; x_wconf 88' lang='lat' dir='ltr'><strong>iactat</strong></span> <span class='ocrx_word' id='word_1_70' title='bbox 236 1147 342 1209; x_wconf 86' lang='lat' dir='ltr'><strong>eques,</strong></span> <span class='ocrx_word' id='word_1_71' title='bbox 366 1131 483 1190; x_wconf 89' lang='lat' dir='ltr'><strong>eunctis</strong></span> <span class='ocrx_word' id='word_1_72' title='bbox 506 1130 550 1189; x_wconf 89' lang='lat' dir='ltr'><strong>sic</strong></span> <span class='ocrx_word' id='word_1_73' title='bbox 574 1135 621 1188; x_wconf 89' lang='lat' dir='ltr'><strong>est</strong></span> <span class='ocrx_word' id='word_1_74' title='bbox 644 1145 727 1188; x_wconf 89' lang='lat' dir='ltr'><strong>coma</strong></span> <span class='ocrx_word' id='word_1_75' title='bbox 750 1127 830 1188; x_wconf 90' lang='lat' dir='ltr'><strong>culta</strong></span> <span class='ocrx_word' id='word_1_76' title='bbox 852 1127 1008 1208; x_wconf 80' lang='lat' dir='ltr'><strong>maniplis:</strong></span> 
     </span>
    </p>

    <p class='ocr_par' dir='ltr' id='par_1_8' title="bbox 121 1215 1135 1562">
     <span class='ocr_line' id='line_1_12' title="bbox 122 1215 968 1296; baseline 0.001 -20"><span class='ocrx_word' id='word_1_77' title='bbox 122 1215 175 1276; x_wconf 91' lang='lat' dir='ltr'><strong>sed</strong></span> <span class='ocrx_word' id='word_1_78' title='bbox 199 1234 236 1276; x_wconf 91' lang='lat' dir='ltr'><strong>ne</strong></span> <span class='ocrx_word' id='word_1_79' title='bbox 260 1234 368 1294; x_wconf 86' lang='lat' dir='ltr'><strong>sperne</strong></span> <span class='ocrx_word' id='word_1_80' title='bbox 392 1218 494 1276; x_wconf 88' lang='lat' dir='ltr'><strong>uirum</strong></span> <span class='ocrx_word' id='word_1_81' title='bbox 516 1224 546 1276; x_wconf 90' lang='lat' dir='ltr'><strong>et</strong></span> <span class='ocrx_word' id='word_1_82' title='bbox 569 1218 696 1296; x_wconf 91' lang='lat' dir='ltr'><strong>comptis</strong></span> <span class='ocrx_word' id='word_1_83' title='bbox 719 1215 819 1276; x_wconf 85' lang='lat' dir='ltr'><strong>diffide</strong></span> <span class='ocrx_word' id='word_1_84' title='bbox 843 1215 968 1294; x_wconf 75' lang='lat' dir='ltr'><strong>capillis</strong></span> 
     </span>
     <span class='ocr_line' id='line_1_13' title="bbox 123 1303 1135 1386; baseline 0.003 -22"><span class='ocrx_word' id='word_1_85' title='bbox 123 1303 285 1382; x_wconf 79' lang='lat' dir='ltr'><strong>Campesus</strong></span> <span class='ocrx_word' id='word_1_86' title='bbox 307 1304 357 1364; x_wconf 91' lang='lat' dir='ltr'><strong>hic</strong></span> <span class='ocrx_word' id='word_1_87' title='bbox 379 1304 482 1383; x_wconf 90' lang='lat' dir='ltr'><strong>spoliis</strong></span> <span class='ocrx_word' id='word_1_88' title='bbox 504 1306 537 1364; x_wconf 90' lang='lat' dir='ltr'><strong>in</strong></span> <span class='ocrx_word' id='word_1_89' title='bbox 559 1304 691 1386; x_wconf 78' lang='lat' dir='ltr'><strong>tigridis3</strong></span> <span class='ocrx_word' id='word_1_90' title='bbox 712 1304 762 1365; x_wconf 91' lang='lat' dir='ltr'><strong>ille</strong></span> <span class='ocrx_word' id='word_1_91' title='bbox 785 1303 935 1384; x_wconf 81' lang='lat' dir='ltr'><strong>profundo</strong></span> <span class='ocrx_word' id='word_1_92' title='bbox 1090 1315 1135 1367; x_wconf 74' lang='lat' dir='ltr'><strong>sat</strong></span> 
     </span>
     <span class='ocr_line' id='line_1_14' title="bbox 121 1391 1072 1473; baseline 0.001 -21"><span class='ocrx_word' id='word_1_93' title='bbox 121 1391 299 1453; x_wconf 87' lang='lat' dir='ltr'><strong>incumbens</strong></span> <span class='ocrx_word' id='word_1_94' title='bbox 322 1391 455 1454; x_wconf 83' lang='lat' dir='ltr'><strong>Odrussa</strong></span> <span class='ocrx_word' id='word_1_95' title='bbox 478 1411 575 1473; x_wconf 87' lang='lat' dir='ltr'><strong>mero;</strong></span> <span class='ocrx_word' id='word_1_96' title='bbox 598 1393 668 1454; x_wconf 92' lang='lat' dir='ltr'><strong>uide</strong></span> <span class='ocrx_word' id='word_1_97' title='bbox 691 1392 750 1454; x_wconf 92' lang='lat' dir='ltr'><strong>lata</strong></span> <span class='ocrx_word' id='word_1_98' title='bbox 773 1400 942 1453; x_wconf 80' lang='lat' dir='ltr'><strong>comantem</strong></span> <span class='ocrx_word' id='word_1_99' title='bbox 1070 1428 1072 1431; x_wconf 94' lang='lat'>-</span> 
     </span>
     <span class='ocr_line' id='line_1_15' title="bbox 121 1476 991 1562; baseline -0.002 -19"><span class='ocrx_word' id='word_1_100' title='bbox 121 1489 244 1561; x_wconf 86' lang='lat' dir='ltr'><strong>pectora</strong></span> <span class='ocrx_word' id='word_1_101' title='bbox 267 1489 296 1542; x_wconf 94' lang='lat' dir='ltr'><strong>et</strong></span> <span class='ocrx_word' id='word_1_102' title='bbox 318 1483 433 1562; x_wconf 88' lang='lat' dir='ltr'><strong>ingenti</strong></span> <span class='ocrx_word' id='word_1_103' title='bbox 455 1481 626 1544; x_wconf 73' lang='lat' dir='ltr'><strong>turbantem</strong></span> <span class='ocrx_word' id='word_1_104' title='bbox 647 1482 755 1560; x_wconf 87' lang='lat' dir='ltr'><strong>poeula</strong></span> <span class='ocrx_word' id='word_1_105' title='bbox 777 1476 889 1542; x_wconf 68' lang='lat' dir='ltr'><strong>barba?</strong></span> <span class='ocrx_word' id='word_1_106' title='bbox 986 1527 991 1533; x_wconf 91' lang='lat'>.</span> 
     </span>
    </p>

    <p class='ocr_par' dir='ltr' id='par_1_9' title="bbox 121 1569 924 1650">
     <span class='ocr_line' id='line_1_16' title="bbox 121 1569 924 1650; baseline 0 -20"><span class='ocrx_word' id='word_1_107' title='bbox 121 1569 203 1631; x_wconf 90' lang='lat' dir='ltr'><strong>hunc</strong></span> <span class='ocrx_word' id='word_1_108' title='bbox 226 1578 257 1632; x_wconf 92' lang='lat' dir='ltr'><strong>et</strong></span> <span class='ocrx_word' id='word_1_109' title='bbox 279 1570 415 1633; x_wconf 84' lang='lat' dir='ltr'><strong>laxarten</strong></span> <span class='ocrx_word' id='word_1_110' title='bbox 438 1571 526 1633; x_wconf 88' lang='lat' dir='ltr'><strong>dictis</strong></span> <span class='ocrx_word' id='word_1_111' title='bbox 550 1578 651 1650; x_wconf 91' lang='lat' dir='ltr'><strong>stupet</strong></span> <span class='ocrx_word' id='word_1_112' title='bbox 674 1570 783 1649; x_wconf 86' lang='lat' dir='ltr'><strong>hospes</strong></span> <span class='ocrx_word' id='word_1_113' title='bbox 807 1569 924 1630; x_wconf 82' lang='lat' dir='ltr'><strong>acerbis</strong></span> 
     </span>
    </p>

    <p class='ocr_par' dir='ltr' id='par_1_10' title="bbox 122 1657 984 1740">
     <span class='ocr_line' id='line_1_17' title="bbox 122 1657 984 1740; baseline -0.001 -21"><span class='ocrx_word' id='word_1_114' title='bbox 122 1660 305 1720; x_wconf 87' lang='lat' dir='ltr'><strong>inmodicum</strong></span> <span class='ocrx_word' id='word_1_115' title='bbox 327 1660 486 1740; x_wconf 82' lang='lat' dir='ltr'><strong>linguaque</strong></span> <span class='ocrx_word' id='word_1_116' title='bbox 510 1677 645 1740; x_wconf 56' lang='lat' dir='ltr'><strong>manem,</strong></span> <span class='ocrx_word' id='word_1_117' title='bbox 669 1662 718 1720; x_wconf 91' lang='lat' dir='ltr'><strong>cui</strong></span> <span class='ocrx_word' id='word_1_118' title='bbox 740 1657 834 1720; x_wconf 86' lang='lat' dir='ltr'><strong>multa</strong></span> <span class='ocrx_word' id='word_1_119' title='bbox 856 1660 984 1719; x_wconf 88' lang='lat' dir='ltr'><strong>minanti</strong></span> 
     </span>
    </p>

    <p class='ocr_par' dir='ltr' id='par_1_11' title="bbox 122 1746 1137 1915">
     <span class='ocr_line' id='line_1_18' title="bbox 122 1746 1137 1829; baseline 0 -22"><span class='ocrx_word' id='word_1_120' title='bbox 122 1765 183 1808; x_wconf 90' lang='lat' dir='ltr'><strong>non</strong></span> <span class='ocrx_word' id='word_1_121' title='bbox 206 1766 363 1829; x_wconf 90' lang='lat' dir='ltr'><strong>superum,</strong></span> <span class='ocrx_word' id='word_1_122' title='bbox 386 1767 447 1809; x_wconf 92' lang='lat' dir='ltr'><strong>non</strong></span> <span class='ocrx_word' id='word_1_123' title='bbox 469 1750 636 1828; x_wconf 88' lang='lat' dir='ltr'><strong>praesentis</strong></span> <span class='ocrx_word' id='word_1_124' title='bbox 659 1748 830 1808; x_wconf 88' lang='lat' dir='ltr'><strong>reuerentia</strong></span> <span class='ocrx_word' id='word_1_125' title='bbox 853 1746 977 1808; x_wconf 86' lang='lat' dir='ltr'><strong>Phoebi.</strong></span> <span class='ocrx_word' id='word_1_126' title='bbox 1091 1756 1137 1808; x_wconf 77' lang='lat' dir='ltr'><strong>tet</strong></span> 
     </span>
     <span class='ocr_line' id='line_1_19' title="bbox 123 1833 994 1915; baseline -0.001 -19"><span class='ocrx_word' id='word_1_127' title='bbox 123 1843 227 1896; x_wconf 87' lang='lat' dir='ltr'><strong>contra</strong></span> <span class='ocrx_word' id='word_1_128' title='bbox 250 1845 350 1898; x_wconf 89' lang='lat' dir='ltr'><strong>autem</strong></span> <span class='ocrx_word' id='word_1_129' title='bbox 371 1837 478 1915; x_wconf 78' lang='lat' dir='ltr'><strong>Aeetes</strong></span> <span class='ocrx_word' id='word_1_130' title='bbox 503 1833 575 1897; x_wconf 75' lang='lat' dir='ltr'><strong>‘non</strong></span> <span class='ocrx_word' id='word_1_131' title='bbox 598 1838 709 1897; x_wconf 78' lang='lat' dir='ltr'><strong>frustra</strong></span> <span class='ocrx_word' id='word_1_132' title='bbox 732 1854 838 1914; x_wconf 84' lang='lat' dir='ltr'><strong>magna·</strong></span> <span class='ocrx_word' id='word_1_133' title='bbox 860 1833 994 1915; x_wconf 83' lang='lat' dir='ltr'><strong>superbo</strong></span> 
     </span>
    </p>

    <p class='ocr_par' dir='ltr' id='par_1_12' title="bbox 123 1920 989 2004">
     <span class='ocr_line' id='line_1_20' title="bbox 123 1920 989 2004; baseline -0.002 -19"><span class='ocrx_word' id='word_1_134' title='bbox 123 1924 202 1986; x_wconf 87' lang='lat' dir='ltr'><strong>dicta</strong></span> <span class='ocrx_word' id='word_1_135' title='bbox 224 1921 337 1987; x_wconf 91' lang='lat' dir='ltr'><strong>uolant&#39;</strong></span> <span class='ocrx_word' id='word_1_136' title='bbox 361 1929 402 1987; x_wconf 90' lang='lat' dir='ltr'><strong>ait</strong></span> <span class='ocrx_word' id='word_1_137' title='bbox 425 1920 467 1985; x_wconf 77' lang='lat' dir='ltr'><strong>‘et</strong></span> <span class='ocrx_word' id='word_1_138' title='bbox 491 1944 597 1986; x_wconf 86' lang='lat' dir='ltr'><strong>uocem</strong></span> <span class='ocrx_word' id='word_1_139' title='bbox 619 1927 702 2004; x_wconf 90' lang='lat' dir='ltr'><strong>paria</strong></span> <span class='ocrx_word' id='word_1_140' title='bbox 725 1943 806 1985; x_wconf 81' lang='lat' dir='ltr'><strong>arram</strong></span> <span class='ocrx_word' id='word_1_141' title='bbox 829 1931 989 2003; x_wconf 88' lang='lat' dir='ltr'><strong>secuntur;</strong></span> 
     </span>
    </p>

    <p class='ocr_par' dir='ltr' id='par_1_13' title="bbox 60 2013 996 2096">
     <span class='ocr_line' id='line_1_21' title="bbox 60 2013 996 2096; baseline 0 -22"><span class='ocrx_word' id='word_1_142' title='bbox 60 2082 62 2087; x_wconf 10' lang='lat' dir='ltr'><strong>g</strong></span> <span class='ocrx_word' id='word_1_143' title='bbox 122 2031 179 2074; x_wconf 90' lang='lat' dir='ltr'><strong>nec</strong></span> <span class='ocrx_word' id='word_1_144' title='bbox 202 2016 337 2096; x_wconf 89' lang='lat' dir='ltr'><strong>requies,</strong></span> <span class='ocrx_word' id='word_1_145' title='bbox 361 2016 433 2093; x_wconf 91' lang='lat' dir='ltr'><strong>quin</strong></span> <span class='ocrx_word' id='word_1_146' title='bbox 456 2013 550 2074; x_wconf 89' lang='lat' dir='ltr'><strong>Marte</strong></span> <span class='ocrx_word' id='word_1_147' title='bbox 573 2014 653 2075; x_wconf 92' lang='lat' dir='ltr'><strong>diem</strong></span> <span class='ocrx_word' id='word_1_148' title='bbox 675 2020 853 2092; x_wconf 83' lang='lat' dir='ltr'><strong>noctemque</strong></span> <span class='ocrx_word' id='word_1_149' title='bbox 878 2013 996 2093; x_wconf 79' lang='lat' dir='ltr'><strong>fatiget3</strong></span> 
     </span>
    </p>

    <p class='ocr_par' dir='ltr' id='par_1_14' title="bbox 123 2101 928 2182">
     <span class='ocr_line' id='line_1_22' title="bbox 123 2101 928 2182; baseline -0.001 -20"><span class='ocrx_word' id='word_1_150' title='bbox 123 2108 212 2182; x_wconf 91' lang='lat' dir='ltr'><strong>atque</strong></span> <span class='ocrx_word' id='word_1_151' title='bbox 236 2102 289 2163; x_wconf 91' lang='lat' dir='ltr'><strong>ubi</strong></span> <span class='ocrx_word' id='word_1_152' title='bbox 311 2103 442 2182; x_wconf 87' lang='lat' dir='ltr'><strong>Riphaea</strong></span> <span class='ocrx_word' id='word_1_153' title='bbox 465 2109 646 2181; x_wconf 85' lang='lat' dir='ltr'><strong>stupuerunt</strong></span> <span class='ocrx_word' id='word_1_154' title='bbox 668 2101 790 2162; x_wconf 84' lang='lat' dir='ltr'><strong>flumina</strong></span> <span class='ocrx_word' id='word_1_155' title='bbox 814 2101 928 2181; x_wconf 85' lang='lat' dir='ltr'><strong>bruma,</strong></span> 
     </span>
    </p>

    <p class='ocr_par' dir='ltr' id='par_1_15' title="bbox 79 2188 1143 2359">
     <span class='ocr_line' id='line_1_23' title="bbox 123 2188 1143 2272; baseline 0.001 -22"><span class='ocrx_word' id='word_1_156' title='bbox 123 2193 182 2250; x_wconf 90' lang='lat' dir='ltr'><strong>iam</strong></span> <span class='ocrx_word' id='word_1_157' title='bbox 205 2191 306 2269; x_wconf 91' lang='lat' dir='ltr'><strong>pauidi</strong></span> <span class='ocrx_word' id='word_1_158' title='bbox 330 2208 398 2252; x_wconf 89' lang='lat' dir='ltr'><strong>cum</strong></span> <span class='ocrx_word' id='word_1_159' title='bbox 421 2191 504 2270; x_wconf 82' lang='lat' dir='ltr'><strong>p&#39;role</strong></span> <span class='ocrx_word' id='word_1_160' title='bbox 528 2190 632 2272; x_wconf 84' lang='lat' dir='ltr'><strong>Getae,</strong></span> <span class='ocrx_word' id='word_1_161' title='bbox 654 2192 713 2250; x_wconf 89' lang='lat' dir='ltr'><strong>iam</strong></span> <span class='ocrx_word' id='word_1_162' title='bbox 735 2190 863 2270; x_wconf 87' lang='lat' dir='ltr'><strong>peruigil</strong></span> <span class='ocrx_word' id='word_1_163' title='bbox 886 2188 971 2251; x_wconf 86' lang='lat' dir='ltr'><strong>illum</strong></span> <span class='ocrx_word' id='word_1_164' title='bbox 1092 2201 1143 2263; x_wconf 70' lang='lat' dir='ltr'><strong>etto</strong></span> 
     </span>
     <span class='ocr_line' id='line_1_24' title="bbox 79 2278 922 2359; baseline -0.001 -20"><span class='ocrx_word' id='word_1_165' title='bbox 79 2281 82 2285; x_wconf 84' lang='grc'><strong>’</strong></span> <span class='ocrx_word' id='word_1_166' title='bbox 124 2278 228 2339; x_wconf 90' lang='lat' dir='ltr'><strong>Medus</strong></span> <span class='ocrx_word' id='word_1_167' title='bbox 252 2282 449 2359; x_wconf 70' lang='lat' dir='ltr'><strong>et‘oppositis</strong></span> <span class='ocrx_word' id='word_1_168' title='bbox 473 2286 608 2359; x_wconf 84' lang='lat' dir='ltr'><strong>expectat</strong></span> <span class='ocrx_word' id='word_1_169' title='bbox 631 2278 752 2339; x_wconf 86' lang='lat' dir='ltr'><strong>Hiberia</strong></span> <span class='ocrx_word' id='word_1_170' title='bbox 776 2279 922 2339; x_wconf 85' lang='lat' dir='ltr'><strong>claustris.</strong></span> 
     </span>
    </p>

    <p class='ocr_par' dir='ltr' id='par_1_16' title="bbox 123 2363 1065 2535">
     <span class='ocr_line' id='line_1_25' title="bbox 123 2363 1065 2449; baseline -0.002 -21"><span class='ocrx_word' id='word_1_171' title='bbox 123 2367 194 2445; x_wconf 94' lang='lat' dir='ltr'><strong>quid</strong></span> <span class='ocrx_word' id='word_1_172' title='bbox 217 2366 374 2449; x_wconf 88' lang='lat' dir='ltr'><strong>Latagum,</strong></span> <span class='ocrx_word' id='word_1_173' title='bbox 398 2369 468 2448; x_wconf 93' lang='lat' dir='ltr'><strong>quid</strong></span> <span class='ocrx_word' id='word_1_174' title='bbox 492 2370 518 2428; x_wconf 89' lang='lat' dir='ltr'><strong>si</strong></span> <span class='ocrx_word' id='word_1_175' title='bbox 541 2370 726 2446; x_wconf 87' lang='lat' dir='ltr'><strong>amnigenam</strong></span> <span class='ocrx_word' id='word_1_176' title='bbox 749 2369 859 2427; x_wconf 86' lang='lat' dir='ltr'><strong>mirere</strong></span> <span class='ocrx_word' id='word_1_177' title='bbox 884 2363 1065 2446; x_wconf 68' lang='lat' dir='ltr'><strong>Choaspen?</strong></span> 
     </span>
     <span class='ocr_line' id='line_1_26' title="bbox 123 2454 820 2535; baseline 0.003 -22"><span class='ocrx_word' id='word_1_178' title='bbox 123 2454 275 2516; x_wconf 89' lang='lat' dir='ltr'><strong>bellatoris</strong></span> <span class='ocrx_word' id='word_1_179' title='bbox 300 2459 370 2534; x_wconf 92' lang='lat' dir='ltr'><strong>equi</strong></span> <span class='ocrx_word' id='word_1_180' title='bbox 392 2463 545 2535; x_wconf 89' lang='lat' dir='ltr'><strong>potantem</strong></span> <span class='ocrx_word' id='word_1_181' title='bbox 568 2474 658 2517; x_wconf 89' lang='lat' dir='ltr'><strong>cerne</strong></span> <span class='ocrx_word' id='word_1_182' title='bbox 682 2474 820 2535; x_wconf 88' lang='lat' dir='ltr'><strong>cruores;</strong></span> 
     </span>
    </p>

    <p class='ocr_par' dir='ltr' id='par_1_17' title="bbox 122 2542 982 2623">
     <span class='ocr_line' id='line_1_27' title="bbox 122 2542 982 2623; baseline -0.001 -20"><span class='ocrx_word' id='word_1_183' title='bbox 122 2560 178 2603; x_wconf 89' lang='lat' dir='ltr'><strong>nec</strong></span> <span class='ocrx_word' id='word_1_184' title='bbox 202 2548 301 2603; x_wconf 90' lang='lat' dir='ltr'><strong>tamen</strong></span> <span class='ocrx_word' id='word_1_185' title='bbox 324 2545 456 2604; x_wconf 87' lang='lat' dir='ltr'><strong>inmissis</strong></span> <span class='ocrx_word' id='word_1_186' title='bbox 479 2545 528 2603; x_wconf 92' lang='lat' dir='ltr'><strong>hic</strong></span> <span class='ocrx_word' id='word_1_187' title='bbox 551 2547 672 2623; x_wconf 80' lang='lat' dir='ltr'><strong>segnior</strong></span> <span class='ocrx_word' id='word_1_188' title='bbox 695 2544 749 2605; x_wconf 91' lang='lat' dir='ltr'><strong>ibit</strong></span> <span class='ocrx_word' id='word_1_189' title='bbox 772 2542 904 2604; x_wconf 85' lang='lat' dir='ltr'><strong>habenis.</strong></span> <span class='ocrx_word' id='word_1_190' title='bbox 980 2574 982 2578; x_wconf 34' lang='lat' dir='ltr'>v</span> 
     </span>
    </p>

    <p class='ocr_par' dir='ltr' id='par_1_18' title="bbox 123 2630 1143 2799">
     <span class='ocr_line' id='line_1_28' title="bbox 123 2630 1143 2713; baseline 0.004 -24"><span class='ocrx_word' id='word_1_191' title='bbox 123 2630 179 2690; x_wconf 91' lang='lat' dir='ltr'><strong>hos</strong></span> <span class='ocrx_word' id='word_1_192' title='bbox 194 2636 294 2690; x_wconf 89' lang='lat' dir='ltr'><strong>autern</strong></span> <span class='ocrx_word' id='word_1_193' title='bbox 309 2649 383 2709; x_wconf 90' lang='lat' dir='ltr'><strong>quae</strong></span> <span class='ocrx_word' id='word_1_194' title='bbox 399 2650 547 2710; x_wconf 88' lang='lat' dir='ltr'><strong>quemque</strong></span> <span class='ocrx_word' id='word_1_195' title='bbox 562 2650 676 2713; x_wconf 89' lang='lat' dir='ltr'><strong>manus,</strong></span> <span class='ocrx_word' id='word_1_196' title='bbox 701 2651 776 2710; x_wconf 87' lang='lat' dir='ltr'><strong>quae</strong></span> <span class='ocrx_word' id='word_1_197' title='bbox 790 2634 873 2710; x_wconf 83' lang='lat' dir='ltr'><strong>signa</strong></span> <span class='ocrx_word' id='word_1_198' title='bbox 888 2639 1065 2713; x_wconf 89' lang='lat' dir='ltr'><strong>sequantur,</strong></span> <span class='ocrx_word' id='word_1_199' title='bbox 1092 2642 1143 2693; x_wconf 76' lang='lat' dir='ltr'><strong>sun</strong></span> 
     </span>
     <span class='ocr_line' id='line_1_29' title="bbox 124 2718 1028 2799; baseline 0.002 -21"><span class='ocrx_word' id='word_1_200' title='bbox 124 2720 151 2778; x_wconf 89' lang='lat' dir='ltr'><strong>si</strong></span> <span class='ocrx_word' id='word_1_201' title='bbox 174 2735 351 2799; x_wconf 86' lang='lat' dir='ltr'><strong>memorem,</strong></span> <span class='ocrx_word' id='word_1_202' title='bbox 374 2722 460 2798; x_wconf 89' lang='lat' dir='ltr'><strong>prius</strong></span> <span class='ocrx_word' id='word_1_203' title='bbox 482 2729 635 2782; x_wconf 90' lang='lat' dir='ltr'><strong>umentem</strong></span> <span class='ocrx_word' id='word_1_204' title='bbox 658 2721 709 2782; x_wconf 85' lang='lat' dir='ltr'><strong>lux</strong></span> <span class='ocrx_word' id='word_1_205' title='bbox 732 2720 857 2781; x_wconf 90' lang='lat' dir='ltr'><strong>soluerit</strong></span> <span class='ocrx_word' id='word_1_206' title='bbox 879 2718 1028 2781; x_wconf 80' lang='lat' dir='ltr'><strong>umbram.</strong></span> 
     </span>
    </p>

    <p class='ocr_par' dir='ltr' id='par_1_19' title="bbox 125 2807 958 2888">
     <span class='ocr_line' id='line_1_30' title="bbox 125 2807 958 2888; baseline 0.001 -21"><span class='ocrx_word' id='word_1_207' title='bbox 125 2826 190 2868; x_wconf 89' lang='lat' dir='ltr'><strong>cras</strong></span> <span class='ocrx_word' id='word_1_208' title='bbox 214 2809 293 2868; x_wconf 87' lang='lat' dir='ltr'><strong>acies</strong></span> <span class='ocrx_word' id='word_1_209' title='bbox 316 2815 405 2886; x_wconf 92' lang='lat' dir='ltr'><strong>atque</strong></span> <span class='ocrx_word' id='word_1_210' title='bbox 428 2809 477 2869; x_wconf 89' lang='lat' dir='ltr'><strong>illa</strong></span> <span class='ocrx_word' id='word_1_211' title='bbox 500 2809 611 2871; x_wconf 90' lang='lat' dir='ltr'><strong>ducum</strong></span> <span class='ocrx_word' id='word_1_212' title='bbox 634 2828 700 2870; x_wconf 87' lang='lat' dir='ltr'><strong>cras</strong></span> <span class='ocrx_word' id='word_1_213' title='bbox 724 2827 817 2888; x_wconf 89' lang='lat' dir='ltr'><strong>regna</strong></span> <span class='ocrx_word' id='word_1_214' title='bbox 839 2807 958 2870; x_wconf 87' lang='lat' dir='ltr'><strong>uidebis</strong></span> 
     </span>
    </p>

    <p class='ocr_par' dir='ltr' id='par_1_20' title="bbox 124 2895 970 2978">
     <span class='ocr_line' id='line_1_31' title="bbox 124 2895 970 2978; baseline -0.001 -21"><span class='ocrx_word' id='word_1_215' title='bbox 124 2896 256 2977; x_wconf 88' lang='lat' dir='ltr'><strong>dissona,</strong></span> <span class='ocrx_word' id='word_1_216' title='bbox 281 2897 424 2958; x_wconf 82' lang='lat' dir='ltr'><strong>saxiferae</strong></span> <span class='ocrx_word' id='word_1_217' title='bbox 449 2906 552 2976; x_wconf 86' lang='lat' dir='ltr'><strong>surgat</strong></span> <span class='ocrx_word' id='word_1_218' title='bbox 574 2899 683 2978; x_wconf 88' lang='lat' dir='ltr'><strong>quihus</strong></span> <span class='ocrx_word' id='word_1_219' title='bbox 707 2897 803 2959; x_wconf 90' lang='lat' dir='ltr'><strong>imber</strong></span> <span class='ocrx_word' id='word_1_220' title='bbox 826 2895 970 2976; x_wconf 80' lang='lat' dir='ltr'><strong>habenae,</strong></span> 
     </span>
    </p>

    <p class='ocr_par' dir='ltr' id='par_1_21' title="bbox 124 2985 979 3067">
     <span class='ocr_line' id='line_1_32' title="bbox 124 2985 979 3067; baseline -0.002 -21"><span class='ocrx_word' id='word_1_221' title='bbox 124 3004 199 3064; x_wconf 92' lang='lat' dir='ltr'><strong>quae</strong></span> <span class='ocrx_word' id='word_1_222' title='bbox 223 2986 319 3047; x_wconf 82' lang='lat' dir='ltr'><strong>iactdo</strong></span> <span class='ocrx_word' id='word_1_223' title='bbox 343 3005 417 3064; x_wconf 88' lang='lat' dir='ltr'><strong>gens</strong></span> <span class='ocrx_word' id='word_1_224' title='bbox 440 2994 508 3066; x_wconf 87' lang='lat' dir='ltr'><strong>apta</strong></span> <span class='ocrx_word' id='word_1_225' title='bbox 529 2987 603 3067; x_wconf 87' lang='lat' dir='ltr'><strong>leui,</strong></span> <span class='ocrx_word' id='word_1_226' title='bbox 627 3005 702 3064; x_wconf 90' lang='lat' dir='ltr'><strong>quae</strong></span> <span class='ocrx_word' id='word_1_227' title='bbox 726 2989 806 3065; x_wconf 86' lang='lat' dir='ltr'><strong>picta</strong></span> <span class='ocrx_word' id='word_1_228' title='bbox 829 2985 979 3063; x_wconf 78' lang='lat' dir='ltr'><strong>pharetris</strong></span> 
     </span>
    </p>

    <p class='ocr_par' dir='ltr' id='par_1_22' title="bbox 123 3076 1145 3243">
     <span class='ocr_line' id='line_1_33' title="bbox 123 3076 1145 3155; baseline 0 -21"><span class='ocrx_word' id='word_1_229' title='bbox 123 3076 250 3136; x_wconf 89' lang='lat' dir='ltr'><strong>uenerit.</strong></span> <span class='ocrx_word' id='word_1_230' title='bbox 297 3077 433 3155; x_wconf 87' lang='lat' dir='ltr'><strong>ingentes</strong></span> <span class='ocrx_word' id='word_1_231' title='bbox 458 3079 554 3137; x_wconf 89' lang='lat' dir='ltr'><strong>animo</strong></span> <span class='ocrx_word' id='word_1_232' title='bbox 578 3077 637 3135; x_wconf 87' lang='lat' dir='ltr'><strong>iam</strong></span> <span class='ocrx_word' id='word_1_233' title='bbox 659 3077 798 3154; x_wconf 88' lang='lat' dir='ltr'><strong>prospice</strong></span> <span class='ocrx_word' id='word_1_234' title='bbox 822 3091 951 3154; x_wconf 88' lang='lat' dir='ltr'><strong>campos,</strong></span> <span class='ocrx_word' id='word_1_235' title='bbox 1095 3084 1145 3136; x_wconf 78' lang='lat' dir='ltr'><strong>sto</strong></span> 
     </span>
     <span class='ocr_line' id='line_1_34' title="bbox 123 3163 902 3243; baseline 0.001 -21"><span class='ocrx_word' id='word_1_236' title='bbox 123 3169 212 3243; x_wconf 91' lang='lat' dir='ltr'><strong>atque</strong></span> <span class='ocrx_word' id='word_1_237' title='bbox 236 3163 312 3224; x_wconf 89' lang='lat' dir='ltr'><strong>hanc</strong></span> <span class='ocrx_word' id='word_1_238' title='bbox 336 3163 444 3243; x_wconf 84' lang='lat' dir='ltr'><strong>alipedi</strong></span> <span class='ocrx_word' id='word_1_239' title='bbox 466 3164 635 3243; x_wconf 85' lang='lat' dir='ltr'><strong>pulsantem</strong></span> <span class='ocrx_word' id='word_1_240' title='bbox 658 3181 785 3242; x_wconf 87' lang='lat' dir='ltr'><strong>corpora</strong></span> <span class='ocrx_word' id='word_1_241' title='bbox 808 3180 902 3223; x_wconf 87' lang='lat' dir='ltr'><strong>curru</strong></span> 
     </span>
    </p>

    <p class='ocr_par' dir='ltr' id='par_1_23' title="bbox 122 3248 854 3333">
     <span class='ocr_line' id='line_1_35' title="bbox 122 3248 854 3333; baseline -0.004 -18"><span class='ocrx_word' id='word_1_242' title='bbox 122 3248 285 3333; x_wconf 78' lang='lat' dir='ltr'><strong>Euryalen,</strong></span> <span class='ocrx_word' id='word_1_243' title='bbox 310 3252 419 3331; x_wconf 91' lang='lat' dir='ltr'><strong>quihus</strong></span> <span class='ocrx_word' id='word_1_244' title='bbox 442 3252 555 3312; x_wconf 82' lang='lat' dir='ltr'><strong>exultet</strong></span> <span class='ocrx_word' id='word_1_245' title='bbox 577 3252 722 3311; x_wconf 88' lang='lat' dir='ltr'><strong>Mauortia</strong></span> <span class='ocrx_word' id='word_1_246' title='bbox 746 3253 854 3312; x_wconf 87' lang='lat' dir='ltr'><strong>turmis</strong></span> 
     </span>
    </p>

    <p class='ocr_par' dir='ltr' id='par_1_24' title="bbox 124 3340 808 3421">
     <span class='ocr_line' id='line_1_36' title="bbox 124 3340 808 3421; baseline 0.006 -24"><span class='ocrx_word' id='word_1_247' title='bbox 124 3346 155 3398; x_wconf 92' lang='lat' dir='ltr'><strong>et</strong></span> <span class='ocrx_word' id='word_1_248' title='bbox 178 3349 322 3419; x_wconf 89' lang='lat' dir='ltr'><strong>quantum</strong></span> <span class='ocrx_word' id='word_1_249' title='bbox 345 3340 423 3401; x_wconf 89' lang='lat' dir='ltr'><strong>elata</strong></span> <span class='ocrx_word' id='word_1_250' title='bbox 445 3340 543 3401; x_wconf 84' lang='lat' dir='ltr'><strong>ualeat</strong></span> <span class='ocrx_word' id='word_1_251' title='bbox 565 3340 677 3419; x_wconf 87' lang='lat' dir='ltr'><strong>peltata</strong></span> <span class='ocrx_word' id='word_1_252' title='bbox 699 3342 808 3421; x_wconf 89' lang='lat' dir='ltr'><strong>securi,</strong></span> 
     </span>
    </p>

    <p class='ocr_par' dir='ltr' id='par_1_25' title="bbox 124 3422 894 3490">
     <span class='ocr_line' id='line_1_37' title="bbox 124 3422 894 3490; baseline 0.004 -6"><span class='ocrx_word' id='word_1_253' title='bbox 124 3443 193 3486; x_wconf 89' lang='lat' dir='ltr'><strong>cara</strong></span> <span class='ocrx_word' id='word_1_254' title='bbox 216 3427 289 3489; x_wconf 91' lang='lat' dir='ltr'><strong>mihi</strong></span> <span class='ocrx_word' id='word_1_255' title='bbox 312 3434 342 3488; x_wconf 92' lang='lat' dir='ltr'><strong>et</strong></span> <span class='ocrx_word' id='word_1_256' title='bbox 365 3448 455 3489; x_wconf 89' lang='lat' dir='ltr'><strong>ueras</strong></span> <span class='ocrx_word' id='word_1_257' title='bbox 476 3431 556 3490; x_wconf 88' lang='lat' dir='ltr'><strong>inter</strong></span> <span class='ocrx_word' id='word_1_258' title='bbox 579 3446 638 3489; x_wconf 90' lang='lat' dir='ltr'><strong>non</strong></span> <span class='ocrx_word' id='word_1_259' title='bbox 662 3427 766 3488; x_wconf 91' lang='lat' dir='ltr'><strong>ultima</strong></span> <span class='ocrx_word' id='word_1_260' title='bbox 788 3422 894 3488; x_wconf 64' lang='lat' dir='ltr'><strong>natas?</strong></span> 
     </span>
    </p>
   </div>
   <div class='ocr_carea' id='block_1_4' title="bbox 112 3514 799 3596">
    <p class='ocr_par' dir='ltr' id='par_1_26' title="bbox 112 3514 799 3596">
     <span class='ocr_line' id='line_1_38' title="bbox 112 3514 799 3596; baseline -0.006 -19"><span class='ocrx_word' id='word_1_261' title='bbox 112 3514 254 3583; x_wconf 70' lang='lat' dir='ltr'><strong>saturet</strong></span> <span class='ocrx_word' id='word_1_262' title='bbox 279 3518 410 3586; x_wconf 85' lang='lat' dir='ltr'><strong>occiduo</strong></span> <span class='ocrx_word' id='word_1_263' title='bbox 433 3517 510 3583; x_wconf 89' lang='lat' dir='ltr'><strong>libat</strong></span> <span class='ocrx_word' id='word_1_264' title='bbox 533 3524 653 3581; x_wconf 79' lang='lat' dir='ltr'><strong>cratera</strong></span> <span class='ocrx_word' id='word_1_265' title='bbox 669 3517 799 3596; x_wconf 72' lang='lat' dir='ltr'><strong>parenti.</strong></span> 
     </span>
    </p>
   </div>
   <div class='ocr_carea' id='block_1_5' title="bbox 0 0 1193 3938">
    <p class='ocr_par' dir='ltr' id='par_1_27' title="bbox 0 0 1193 3938">
     <span class='ocr_line' id='line_1_39' title="bbox 0 0 1193 3938; baseline 0 0"><span class='ocrx_word' id='word_1_266' title='bbox 0 0 1193 3938; x_wconf 95' lang='lat' dir='ltr'><strong> </strong></span> 
     </span>
    </p>
   </div>
  </div>
 </body>
</html>
