2362 3938
274 195 379 231 nourrn
396 195 503 232 aarum
520 180 554 247 (i)
572 161 670 231 11111111.
686 153 724 230 ¹ua
742 195 803 230 rusa
821 191 899 229 sassa.
999 174 1059 238 641

105 318 187 381 scit.¹
203 332 208 389 l
225 323 321 396 quodsi
336 324 396 396 plus
412 326 523 380 semisse
535 324 640 386 Caelsar
654 325 765 396 accepit,
789 323 868 394 inid,
891 323 964 396 quod
978 324 1039 397 plus
1056 326 1061 390 Ι

106 419 164 479 est,
180 410 257 462 ctiam
274 408 378 463 Caesari
393 409 533 464 adcrescit.
552 411 557 470 1

174 488 218 549 12.
242 491 366 547 Libertas
377 491 506 561 Caesaris,
522 502 575 547 tam
589 498 593 554 ι
606 491 814 546 manumissione
830 505 909 561 quam
924 489 1061 547 ’beneficio
1072 510 1098 550 ro

106 569 332 632 continuationis²
354 575 473 645 allectae,
490 590 495 635 1
512 576 534 629 si
558 583 670 629 testatae
685 572 826 639 decedant,
843 576 847 638 Ι
865 573 1018 645 dimidium,
1040 577 1062 630 si

105 664 278 729 intestatae,
303 665 388 716 totum
404 658 470 715 fisco
486 650 671 719 uinlalicatur.3
713 672 777 711 sanc
792 658 877 729 patris
892 664 920 712 et
936 662 941 721 Ι
957 659 1061 730 patroni
1073 677 1099 715 aa

109 745 264 817 ignorantis
283 748 287 812 1
304 745 345 797 ius
361 759 415 797 non
430 736 596 803 minutioni!

40 835 97 882 [0⁴³1
174 823 219 882 13.
242 827 344 881 Ancilla
359 826 491 896 Caesaris,
514 841 581 898 quae
595 826 616 882 ἢ
630 825 740 885 litheros
756 823 895 894 ieiunarit,
918 825 945 878 in
963 833 1169 883 nume-socoth.

107 929 175 967 rum
188 905 379 966 libertarum⁵
610 927 634 966 v.
652 909 742 966 2—6.
975 901 1002 964 l⁶

174 990 233 1051 13⁸.
258 988 369 1050 ⁷Latini
380 994 515 1050 Caesaris
528 996 625 1050 liberti
638 1010 813 1065 quanquam,
831 991 835 1057 Ι
852 1009 915 1049 cam
930 991 1069 1048 decedant

108 1088 141 1136 ut
153 1081 243 1147 serui,
254 1089 359 1134 sotrum
368 1077 436 1132 bona
447 1081 519 1149 fisco
529 1068 720 1143 uindicantem
732 1085 824 1132 tamen
834 1093 873 1133 ex
883 1078 1063 1140 contractus!

108 1179 192 1220 causa
214 1160 281 1216 lisco
304 1163 452 1233 acquirere
474 1177 509 1216 ea
526 1162 530 1223 Ι
547 1154 689 1234 'propter⁸
711 1175 764 1216 non
787 1169 903 1233 possunt
925 1163 978 1216 nisi
997 1175 1064 1232 poe·

108 1265 188 1310 nam,
205 1261 285 1317 quam
301 1248 400 1317 attieno
413 1246 526 1316 priuato
538 1252 683 1300 contracta
697 1244 764 1300 inito
781 1247 785 1313 Ι
801 1245 872 1300 inter
887 1260 917 1300 se
931 1247 1002 1316 fisco
1018 1246 1065 1299 sti·-

107 1329 272 1404 palantum!

174 1410 219 1468 14.
249 1405 371 1467 ⁹Eorum
392 1412 541 1480 bonorum,
569 1426 644 1483 qaae
667 1418 672 1472 l
695 1413 730 1466 ad
750 1410 845 1467 liscum
867 1413 1003 1485 pertinere
1026 1412 1100 1466 rii-15

108 1506 230 1566 cunttur,
245 1499 271 1550 si
284 1500 470 1550 controuersia
485 1504 637 1564 moueatur,
661 1494 666 1565 Ι
690 1502 751 1550 aute
772 1497 930 1550 senteutiam
953 1511 1002 1550 nec
1018 1495 1064 1550 ob·

109 1579 229 1652 sigimari
242 1595 295 1634 nea
311 1579 424 1634 describi
440 1589 485 1634 aut
500 1580 674 1651 inleorporari
689 1588 815 1650 possunt.
844 1579 913 1634 idem
929 1584 1101 1640 serluatarm

108 1659 178 1719 ’et¹⁰
201 1680 260 1717 cum
277 1679 292 1716 a
307 1664 438 1717 sententia
454 1664 613 1735 prouocatio
628 1663 820 1734 interponitur.
838 1664 842 1728 Ι

187 1837 208 1905 ¹)
222 1839 360 1903 Sinauiari
378 1840 446 1895 eius,
466 1846 494 1888 ut
507 1841 613 1902 opinor,
632 1841 697 1888 iure.
728 1838 765 1901 Of.
781 1838 845 1902 Lea.
862 1837 932 1886 Rom.
947 1835 1028 1901 Bury.
1043 1849 1064 1889 s.

110 1911 174 1974 ibiq.
189 1910 271 1958 Barlr.
298 1909 361 1958 Nam
372 1911 492 1971 priuatas
502 1917 631 1971 patronus
640 1925 697 1958 cum
707 1924 757 1971 per
769 1910 849 1970 filiam
860 1907 946 1956 liberti
959 1909 1067 1957 minoris

110 1983 263 2032 centenario
278 1979 310 2028 ab
324 1980 466 2028 hereditate
480 1982 536 2028 eius
549 1981 745 2036 excluderetur,
760 1993 840 2027 causa
859 1992 909 2026 nan
928 1985 997 2034 crat,
1018 1993 1066 2027 cur

108 2054 167 2115 fllia
179 2052 327 2114 praeterita
341 2065 392 2099 non
406 2056 431 2098 et
444 2051 496 2111 ipsi
505 2057 607 2112 partem
621 2050 775 2098 detraheret.
806 2048 844 2110 Cf.
858 2046 914 2096 Gai.
925 2059 945 2106 2,
956 2059 1003 2097 124.
1026 2048 1066 2097 Dc

110 2123 216 2171 semisse
238 2120 359 2169 Caesaris
377 2119 411 2181 cf.
430 2118 499 2168 Suet.
520 2122 536 2171 l.
556 2135 579 2169 c.
645 2116 665 2184 ²)
686 2120 871 2182 interpretatio
893 2126 1012 2168 nontam
1032 2135 1066 2168 eac

115 2191 199 2240 Tacit.
214 2191 247 2239 A.
263 2202 296 2247 12,
311 2202 344 2240 13.
359 2197 384 2238 et
398 2189 474 2238 Paul.
488 2203 510 2247 4,
524 2202 557 2241 10.
572 2192 588 2251 ἓ
610 2202 639 2247 a,
654 2205 728 2253 quam
742 2205 776 2238 eac
790 2189 821 2237 L.
836 2201 857 2239 s.
876 2188 919 2237 Ta.
937 2188 1008 2238 O.ad
1017 2188 1065 2238 SO.

114 2262 205 2310 Claud.
220 2259 257 2323 (4,
273 2261 308 2323 11)
318 2260 445 2322 petenda:
463 2261 529 2309 unde
548 2261 680 2317 docemur,
699 2261 847 2324 inaenuam,
867 2275 931 2322 quae
947 2259 1066 2309 Caesaris

110 2347 188 2381 seraa
207 2346 235 2380 se
255 2333 391 2387 iunxerat,
412 2332 489 2379 etiam
507 2332 638 2394 iynaram,
660 2332 764 2393 antiquo
786 2333 843 2379 iure
863 2345 962 2393 semper
981 2327 1067 2395 (quasi

112 2404 289 2451 consentiente
309 2399 350 2465 eo)
371 2399 486 2449 libertam
506 2403 562 2449 eius
582 2401 698 2463 effectam
719 2415 781 2449 esse.
805 2416 885 2463 quare
907 2402 982 2449 ctiam
1001 2417 1066 2463 pro·

112 2473 201 2521 banda
215 2479 254 2520 est
268 2470 317 2518 Kr.
333 2473 380 2534 ci:
398 2479 445 2519 tam
464 2472 657 2535 manumissionis
675 2471 791 2519 beneficio
807 2485 876 2533 quam
891 2472 1064 2520 coniunctione.

115 2540 136 2605 θ)
151 2542 211 2590 Hoc
225 2556 324 2604 quoque
333 2542 464 2604 sinaulari
474 2542 538 2589 iare.
565 2540 629 2590 Nam
639 2556 673 2589 ccc
687 2542 742 2604 leae
752 2541 838 2602 Papia
848 2543 949 2602 priuati
958 2544 1067 2604 patroni

113 2612 208 2661 liberta
222 2618 344 2676 quattuor
362 2611 501 2660 liberarant
515 2613 572 2659 iure
588 2613 730 2659 testamenti
744 2611 885 2673 factionem
901 2612 1065 2660 nancisceba-

113 2692 166 2739 tur,
182 2684 219 2730 ita
234 2689 262 2729 ut
276 2683 360 2729 uirilis
370 2696 437 2744 pars
446 2696 498 2744 pro
513 2696 617 2730 numero
627 2681 765 2730 liberorum
778 2683 943 2742 superstitum
953 2689 1066 2743 patrono

113 2752 260 2801 deberetur.
286 2751 342 2799 Gai.
356 2763 378 2812 s,
391 2763 425 2801 44.
458 2751 528 2801 Ilnde
546 2753 677 2813 suspicor,
699 2750 818 2799 Caesaris
833 2750 972 2799 libertabus
991 2754 1066 2800 etiam

112 2825 170 2872 sine
186 2822 327 2870 liberarum
341 2823 397 2870 iure
412 2824 503 2870 testari
516 2824 633 2883 licuisse,
656 2827 779 2870 attamen
794 2821 931 2869 liberarum
947 2824 987 2870 ius
1002 2824 1066 2871 nibil

114 2896 142 2941 in
158 2893 281 2941 Caesaris
296 2894 403 2954 patroni
417 2894 475 2940 iure
488 2898 605 2941 mutaret.
670 2889 691 2955 ⁴)
708 2891 746 2954 Of.
762 2891 837 2940 Paul.
852 2902 872 2948 2,
888 2895 935 2942 21⁸.
955 2893 994 2952 ἐξ.
1011 2905 1030 2942 t.
1045 2905 1065 2944 9.

115 2962 136 3024 ⁶)
161 2963 222 3010 Vid.
244 2962 370 3010 Cainmetl.
390 2963 422 3010 dc
435 2977 458 3010 r.
473 2977 496 3012 r.
516 2975 541 3022 1,
555 2974 575 3012 8.
594 2963 618 3022 ξ.
633 2974 666 3012 19.
685 2968 755 3010 recte
773 2977 789 3010 a
809 2961 933 3023 Rudorfio
953 2964 1066 3011 attatum.

113 3033 256 3095 Suspicuri
270 3034 337 3088 iicet,
352 3035 462 3095 quinque
477 3032 566 3081 liberis
577 3032 697 3080 Caesaris
710 3033 821 3081 ancillas
835 3034 929 3079 statilia
945 3032 1005 3078 iura
1020 3031 1065 3078 ad-

113 3113 188 3166 eptas
197 3117 261 3158 esse,
272 3111 347 3165 atque
357 3110 478 3165 quattuor
487 3102 576 3151 liberis
585 3118 601 3150 a
612 3103 725 3164 privatis
735 3103 910 3151 manumissus.
953 3096 973 3162 θ)
984 3099 1015 3146 In
1025 3100 1066 3148 tis

113 3174 232 3223 uersibus
246 3173 310 3221 baec
325 3175 440 3235 paucula
455 3180 551 3221 tantum
565 3175 717 3221 lactarunt:
735 3171 769 3236 (a)
778 3184 822 3222 s*
833 3185 898 3219 u....
914 3166 947 3231 (4)
958 3182 1064 3219 caes...

113 3244 146 3308 (5)
161 3257 179 3294 *
190 3258 257 3291 orem
270 3279 275 3290 .
289 3278 294 3289 .
306 3279 330 3290 ..
349 3242 382 3307 (a)
400 3257 418 3293 s
431 3256 449 3293 a
463 3244 561 3292 milibus
575 3259 602 3291 s.
615 3279 620 3291 .
633 3279 638 3290 .
650 3280 656 3292 .
718 3240 738 3304 7)
753 3242 838 3288 Huius
852 3240 879 3298 §i
893 3239 1066 3287 restituendae

112 3331 147 3363 cx
163 3312 222 3363 CK'.
239 3315 385 3375 periculum
396 3314 459 3375 feci,
474 3329 530 3362 cum
544 3313 600 3362 cdd.
616 3326 636 3364 1.
651 3325 671 3364 a.
686 3320 801 3361 entrema
811 3316 915 3367 tantum,
930 3308 961 3355 de
976 3307 1067 3369 quibus

112 3387 147 3446 cs.
165 3385 196 3432 L.
214 3398 225 3433 1
237 3398 281 3445 pr.
302 3383 333 3430 D.
349 3384 380 3431 de
395 3385 452 3432 iure
463 3385 522 3445 fisci
535 3380 579 3448 (49,
595 3382 639 3448 14),
654 3399 733 3446 eaque
747 3382 828 3428 minus
842 3385 912 3426 recte
925 3380 1066 3440 supplevis-
1164 3408 1169 3457 1

111 3471 170 3504 sem.
211 3452 234 3517 ⁸)
246 3453 313 3502 Nota
324 3461 365 3515 ppt
377 3456 501 3516 scriptura
512 3455 596 3516 fuisse
609 3455 691 3516 posui.
717 3452 770 3499 Pro
783 3465 833 3513 aeq.
844 3451 872 3498 in
884 3446 940 3498 GK'.
955 3456 992 3498 cst
1002 3465 1065 3514 aoq·.
1162 3460 1169 3513 t

112 3523 134 3589 ⁹)
155 3526 217 3574 Vid.
228 3524 346 3586 praefat.
400 3519 432 3589 ¹⁰)
445 3539 480 3573 eae
495 3521 552 3573 Gir.
571 3525 669 3572 addidi.
1160 3516 1169 3529 “

168 3617 275 3648 rvmsera.
290 3615 372 3646 asnar.
384 3613 435 3644 aaa.
451 3615 490 3643 1111.
519 3613 542 3646 v,
824 3597 856 3644 41
