2362 3938
428 619 465 704 Ο.
493 619 668 703 valum
695 618 858 702 lincol

306 796 975 901 ARGONAUTIOON

444 988 596 1056 oreon
619 987 843 1054 ruamus.
925 998 928 1002 ¹

135 1329 237 1391 Tertia
259 1331 318 1390 iam
341 1328 451 1408 gelidas
475 1327 613 1389 Tithonia
637 1329 768 1390 soluerat
790 1327 912 1389 umbras

137 1426 320 1497 exueratque
343 1417 458 1498 polum3
482 1417 598 1497 Tiphyn
620 1417 735 1496 placida
757 1417 816 1478 alta
837 1416 995 1481 uocabant.

136 1509 160 1568 it
182 1509 270 1568 tectis
293 1506 390 1586 Argoa
413 1524 532 1587 manuS,
556 1505 644 1566 simid
666 1505 742 1566 urbe
765 1506 881 1584 prolusi

135 1593 264 1655 Aenidae
288 1597 365 1655 caris
389 1597 504 1655 socium
527 1593 710 1673 digressibus
733 1594 866 1654 haerent.

135 1682 206 1743 dant
229 1681 371 1744 Cererem
393 1683 563 1761 lectumque
587 1700 679 1761 pecus
703 1701 759 1742 nec
781 1681 903 1760 palmite
926 1682 1082 1748 Bacchum
1138 1695 1153 1746 5

134 1770 262 1851 Bithyno
285 1771 452 1851 Phrygioue
473 1778 585 1852 satum,
609 1771 662 1832 sed
686 1788 775 1848 quem
798 1789 852 1831 sua
874 1779 947 1831 noto

136 1858 210 1920 colle
233 1878 288 1938 per
311 1868 452 1939 angustae
476 1858 587 1919 Lesbos
611 1859 687 1919 freta
710 1861 843 1937 suggerit
864 1856 976 1922 Helles

135 1950 200 2028 ipse
223 1950 283 2026 agit
306 1947 470 2008 Aesonidae
493 1951 612 2008 iunctos
635 1947 671 2007 ad
694 1947 781 2007 litora
804 1959 926 2025 gressus

137 2035 259 2114 Cyzicus
282 2035 423 2096 abscessu
444 2034 602 2096 lacrimans
624 2042 792 2109 oneratque
813 2038 953 2111 superbis

136 2121 325 2204 muneribuS,
348 2126 459 2202 primas
483 2125 613 2183 coniunx
635 2122 774 2183 Percosia
798 2130 898 2184 uestes
1122 2137 1153 2188 10

136 2227 209 2288 quas
233 2210 356 2271 dederat
377 2214 458 2289 picto
482 2218 513 2270 ct
535 2209 609 2270 Clite
633 2213 804 2271 uariauerat
825 2230 907 2271 auro.
1067 2208 1069 2213 ’

136 2306 200 2358 tum
223 2297 335 2375 galeam
359 2306 389 2358 et
410 2300 523 2376 patriae
547 2299 639 2359 telum
661 2297 862 2378 insuperabile
886 2298 1009 2361 dextrae

136 2385 263 2445 addidit:
287 2387 351 2464 ipse
375 2385 459 2445 ducis
483 2385 619 2463 phaleras
643 2393 674 2446 et
696 2386 836 2447 Thessala
860 2395 964 2448 contra

136 2473 219 2533 hena
238 2474 317 2550 capit
339 2473 536 2552 manibusque
560 2473 636 2534 datis
659 2476 783 2536 iunxere
806 2483 939 2554 penates.

180 2560 226 2621 Tu
248 2560 321 2621 mihi
344 2580 425 2622 nunc
449 2580 552 2622 causas
575 2562 753 2641 infandaque
776 2563 903 2645 proelia,
927 2562 1000 2646 Clio,
1119 2576 1151 2628 15

134 2650 231 2729 pande
254 2650 367 2731 uirum3
389 2650 445 2711 tibi
467 2653 547 2711 enim
571 2669 714 2731 superum
737 2650 815 2733 data,
838 2654 939 2733 uirgo,
962 2651 1089 2716 facultas

136 2756 224 2799 nosse
247 2740 362 2800 animos
386 2758 547 2819 rerumque
571 2741 644 2801 uias,
677 2758 732 2800 cur
754 2741 823 2801 talia
845 2759 952 2820 passus

137 2845 231 2909 mma,
255 2829 327 2907 quid
349 2828 487 2909 hospitiis
509 2831 627 2890 iunctas
650 2847 831 2890 concurrere
855 2829 975 2890 dextras

135 2913 291 2996 luppiter?
314 2919 394 2979 unde
417 2919 506 2979 tubae
530 2926 735 2996 nocturnaque
757 2920 853 2980 mouit
874 2912 1006 2997 Erinys?

179 3004 323 3084 Dindyma
346 3009 515 3086 sanguineis
538 3006 681 3067 famulum
702 3005 844 3068 bacchata
866 3006 985 3067 lacertis
1119 3017 1153 3067 20

135 3090 207 3152 dum
229 3093 346 3154 uolucri
370 3097 465 3173 quatit
487 3112 574 3174 asper
598 3112 674 3173 equo
697 3092 847 3172 siluasque
871 3094 974 3171 fatigat

136 3176 272 3261 Cyzicus,
294 3184 410 3259 ingenti
431 3182 557 3260 praedae
582 3182 725 3260 deceptus
747 3197 848 3241 amore

135 3263 292 3328 adsuetum
314 3267 458 3347 Phrygias
481 3269 630 3329 dominam
652 3273 773 3328 uectore
796 3282 850 3346 per
873 3265 965 3327 urbes

134 3356 285 3431 oppressit
307 3355 403 3415 iaculo
426 3357 603 3417 redeuntem
626 3354 661 3414 ad
685 3354 769 3411 frena
792 3350 918 3414 leonem.
