2370 3938
331 181 626 240 ARGONAUTICON
645 185 795 243 LIBERI.
1036 193 1074 253 ll

57 336 129 398 hinc
149 351 267 414 quoque
291 335 401 393 missus
420 333 504 395 adest
527 335 663 413 quamuis
686 335 858 397 arcentibus
882 337 988 400 Idmon
1024 351 1077 402 380

59 424 194 504 alitibus3
217 421 269 483 sed
293 430 381 501 turpe
405 423 471 482 uiro
495 425 631 484 timuisse
655 423 764 486 lutura.

59 514 109 574 hic
132 521 162 574 et
180 510 360 573 Naubolides
383 517 477 571 tortas
501 514 656 591 consurgit
678 514 709 573 iu
732 513 827 573 undas

59 602 188 683 Iphitus,
211 600 259 660 hic
282 602 413 678 patrium
436 600 545 678 frangit
567 599 736 679 Neptunius
759 620 871 681 aequor

59 694 112 770 qui
133 696 217 750 tenet
239 689 416 749 undisonam
438 687 615 750 Psamathen
634 707 813 770 semperque
836 699 988 770 patentem

60 779 216 840 Taenaron
239 776 425 858 Euphemus,
449 777 589 857 mollique
613 797 629 838 a
653 778 740 840 litore
764 779 861 840 Pellae
984 827 988 835 .
1023 792 1075 844 365

59 867 220 928 Deucalion
244 873 344 926 certus
367 866 472 926 iaculis
495 874 525 926 et
548 869 714 928 comminus
737 885 808 928 ense
856 933 865 944 ‚

58 956 167 1018 nobilis
189 955 349 1036 Amphion,
372 957 485 1035 pariter
509 973 584 1034 quos
603 954 695 1017 edidit
716 955 817 1036 Hypso

58 1064 115 1106 nec
138 1047 236 1125 potuit
259 1043 370 1103 similes
393 1044 528 1104 uoluitue
552 1044 686 1105 ediscere
710 1045 822 1106 uultus.

58 1143 124 1197 tum
147 1132 243 1194 ualida
268 1131 425 1211 Clymenus
448 1150 592 1211 percusso
614 1141 737 1212 pectore
761 1140 846 1194 tonsa

59 1223 153 1283 frater
176 1229 207 1281 et
228 1219 359 1301 Iphiclus
381 1238 513 1299 puppem
536 1220 639 1303 trahit,
663 1230 693 1283 et
711 1223 774 1283 face
799 1241 888 1284 sacua
1022 1236 1076 1288 tto

58 1312 89 1371 in
113 1319 165 1371 tua
187 1327 255 1369 mox
278 1309 394 1369 Danaos
417 1316 540 1370 acturus
563 1328 645 1390 saxa,
669 1309 832 1392 Caphareu,
1148 1304 1150 1310 ’

57 1399 215 1479 Nauplius,
239 1406 269 1458 et
292 1406 403 1459 tortum
426 1415 488 1459 non
511 1417 527 1458 a
549 1397 621 1459 loue
644 1398 757 1459 fulmen
781 1397 893 1461 Oileus-

60 1491 112 1566 qui
135 1495 246 1567 gemet,
269 1485 416 1547 Euboicas
440 1494 508 1546 nato
532 1488 678 1548 stridente
701 1507 755 1566 per
778 1488 882 1571 undas,

59 1579 170 1655 quique
193 1574 386 1654 Erymanthei
409 1576 565 1636 sudantem
587 1575 719 1654 pondere
743 1579 869 1637 monstri

58 1663 340 1744 Amphitryoniaden
364 1663 497 1742 Tegeaeo
521 1664 621 1724 limine
645 1663 782 1743 Cepheus
1021 1677 1074 1729 375

58 1755 148 1833 iuuit,
171 1761 202 1813 et
219 1752 435 1832 Amphidamas.
482 1760 511 1812 at
533 1753 626 1813 frater
648 1751 765 1831 plenior
788 1755 873 1814 annis

59 1841 162 1901 maluit
184 1841 301 1901 Ancaeo
324 1840 422 1901 uellus
446 1843 619 1920 contingere
642 1840 752 1903 Phrixi.

59 1936 157 1990 tectus
180 1937 211 1990 et
232 1928 378 2013 Eurytion
401 1937 521 1989 seruato
545 1929 619 1991 colla
643 1929 758 2012 capillo,

59 2036 148 2095 quem
170 2026 254 2097 pater
277 2017 385 2077 Aonias
408 2018 550 2079 reducem
572 2018 707 2079 tondebit
729 2019 766 2080 ad
784 2037 858 2081 aras.

58 2114 88 2166 te
112 2124 230 2185 quoque
254 2106 455 2188 Thessalicae,
477 2106 595 2188 Nestor,
618 2110 695 2187 rapit
717 2109 749 2168 in
772 2108 848 2168 freta
866 2110 975 2189 puppis
1020 2120 1074 2172 380

59 2195 148 2276 lama,
169 2195 335 2274 Mycenaeis
359 2195 429 2255 olim
453 2197 505 2273 qui
527 2195 651 2256 candida
673 2196 750 2257 uelis

59 2300 188 2360 aequora
210 2292 240 2345 et
262 2286 408 2344 instantes
431 2284 578 2345 mirabere
597 2283 676 2345 mille
700 2287 866 2363 magistros

57 2370 107 2430 hic
130 2379 214 2433 uates
235 2371 408 2451 Phoebique
432 2373 505 2433 fides
529 2391 589 2433 uon
612 2390 689 2434 uana
710 2376 853 2456 parentis,

57 2459 191 2541 Mopsus
213 2463 341 2539 puniceo
365 2463 415 2522 cui
438 2463 618 2523 circumfusa
641 2462 788 2523 cothurno
861 2497 865 2504 ,

57 2548 133 2626 palla
155 2551 231 2609 imos
254 2550 325 2609 ferit
348 2549 412 2609 alba
434 2550 526 2628 pedes
545 2552 709 2630 uittataque
734 2551 832 2611 fronte
1018 2563 1073 2615 385

58 2640 150 2698 cassis
174 2639 257 2697 etin
281 2655 397 2698 summo
420 2637 523 2700 laurus
545 2639 655 2701 Peneia
678 2658 762 2707 cono.
848 2663 854 2672 ·

57 2728 130 2803 quin
153 2728 241 2786 etiam
264 2724 411 2787 Herculeo
435 2731 590 2808 consurgit
611 2728 647 2789 ab
670 2724 774 2790 ordine
798 2728 916 2809 Tydeus

57 2811 236 2893 Nelidesque
260 2814 495 2898 Periclymenus,
519 2836 608 2896 quem
631 2835 725 2896 parua
747 2817 886 2879 Methone

57 2899 187 2981 felixque
210 2902 272 2962 Elis
297 2906 382 2982 equis
405 2914 436 2965 et
457 2905 599 2966 fluctibus
623 2906 730 2968 obuius
753 2905 850 2967 Aulon
911 2937 914 2941 ·

56 2990 206 3051 caestibus
229 2991 372 3052 aduersos
394 2993 537 3055 uiderunt
558 2996 696 3074 frangere
719 2993 830 3055 uultus.
1018 3006 1071 3056 390

57 3085 89 3137 tu
114 3097 233 3158 quoque
256 3079 401 3142 Phrixeos
424 3100 521 3164 remo,
544 3082 699 3164 Poeantie,
724 3081 849 3143 Colchos

56 3163 103 3226 bis
126 3166 259 3229 Lemnon
281 3171 384 3231 uisure
406 3173 497 3253 petis,
521 3189 601 3233 nunc
624 3170 747 3252 cuspide
770 3172 863 3251 patris

55 3255 189 3337 inclitus,
212 3256 375 3319 Herculeas
393 3259 464 3320 olim
487 3268 604 3322 moture
629 3262 758 3340 sagittas.

54 3347 208 3420 proximus
231 3345 301 3407 hinc
323 3346 415 3409 Butes
437 3349 554 3411 Actaeis
577 3349 663 3410 diues
686 3349 722 3409 ab
746 3351 821 3429 oris,

54 3433 226 3494 innumeras
249 3453 318 3495 nam
342 3435 451 3499 claudit
473 3457 543 3517 apes
566 3438 711 3518 longaque
736 3436 884 3519 superbus
1018 3443 1071 3496 395

56 3519 153 3582 fuscat
175 3522 255 3583 nube
279 3523 371 3606 dicut,
395 3526 466 3587 dum
488 3527 591 3606 plenas
614 3535 735 3589 nectare
759 3525 848 3588 cellas
