2362 3938
108 195 152 262 68
447 190 479 248 3.
499 188 786 247 vannmrmccr

108 345 221 425 pingue
245 339 343 402 solum
365 348 397 400 et
419 339 503 402 duris
526 341 610 418 regio
632 357 694 401 non
716 338 818 399 inuida
841 340 944 399 tauris.
1081 352 1129 401 100

109 450 164 492 rex
186 430 329 509 Amycus3
351 429 433 509 regis
456 428 525 488 latis
548 436 579 488 61
600 428 724 489 numine
745 427 816 488 freti

110 536 171 580 non
193 519 289 578 muris
308 519 429 579 cinxere
452 516 565 597 domos,
588 533 648 576 non
672 513 792 575 foedera
815 513 915 593 legum

112 606 171 669 ulla
194 606 298 667 colunt
318 604 448 686 placidas
471 611 523 665 aut
545 606 612 664 iura
634 605 766 664 tenentia
789 610 915 664 mentes.

111 694 215 775 quales
238 692 376 755 Aetnaeis
399 691 495 753 rabidi
518 691 660 772 Cyclopes
683 694 715 752 in
737 693 831 752 antris

113 790 202 844 nocte
226 780 283 843 suh
305 780 431 842 hiberna
455 788 577 841 seruant
599 781 688 862 freta,
712 779 808 840 sicubi
831 781 930 840 saeuis
1083 792 1132 842 105

113 869 254 933 adnectat
277 871 349 930 ratis
371 876 436 931 acta
459 871 538 930 notis
561 868 616 929 tihi
637 868 744 948 pahula
768 866 832 928 dira

112 966 144 1020 et
166 960 304 1038 miseras,
326 956 520 1039 Polypheme,
543 956 647 1035 dapes:
670 958 714 1017 sic
736 956 869 1036 undique
892 958 923 1016 in
948 975 1055 1041 omnes

113 1047 301 1126 prospiciunt
323 1053 505 1124 cursantque
528 1047 607 1127 uias,
630 1047 682 1125 qui
705 1062 831 1124 corpora
853 1047 919 1124 regi

114 1142 198 1214 capta
221 1133 348 1194 trahant.
394 1151 429 1192 63
451 1133 590 1212 Neptuno
613 1141 684 1195 trux
706 1135 770 1213 ipse
792 1134 910 1213 parenti

113 1222 240 1283 sacrifici
262 1239 316 1299 pro
341 1238 415 1299 rupe
439 1222 501 1299 iugi
524 1221 621 1282 media
644 1240 773 1301 aequora
796 1239 887 1301 supra
1084 1233 1131 1282 113

115 1315 237 1388 torquet
259 1327 358 1389 agens.
404 1311 451 1368 sin
475 1309 570 1369 iorma
592 1311 668 1371 uiris
689 1312 891 1390 praestantior
915 1308 1003 1390 adsit,

115 1405 181 1458 tum
202 1396 302 1477 legere
326 1415 407 1457 arma
429 1395 514 1458 iubet
536 1400 723 1478 sumptisque
746 1414 907 1458 occurrere
932 1405 1039 1459 contra

115 1484 279 1568 caestibus;
301 1485 375 1547 haec
398 1487 515 1547 miseris
539 1504 605 1548 sors
628 1495 674 1547 est
697 1488 875 1567 aequissima
897 1484 960 1549 leti.

116 1575 176 1636 huc
198 1574 251 1636 uhi
274 1574 430 1636 deuectam
451 1574 608 1655 Neptunus
631 1577 748 1655 gurgite
771 1592 903 1655 puppem

116 1665 210 1725 sensit
233 1672 263 1724 et
287 1670 455 1725 extremum
478 1666 540 1725 nati
561 1664 715 1744 prospexit
737 1664 769 1724 in
792 1681 860 1723 oras

117 1759 147 1811 et
170 1748 320 1830 quondam
341 1751 434 1813 laetos
457 1751 570 1813 domini
592 1753 754 1812 certamine
778 1768 908 1831 canopos,

116 1840 240 1918 ingemit
262 1857 296 1901 33
319 1838 393 1901 tales
416 1838 530 1902 euoluit
551 1847 673 1919 pectore
697 1847 834 1919 questus:

117 1922 232 1988 ‘infelix
254 1929 329 1988 imas
352 1928 501 2007 quondam
524 1927 596 1989 mihi
619 1935 703 2008 rapta
726 1927 781 1989 suh
804 1924 909 2006 undae,

119 2034 175 2078 nec
197 2018 298 2096 potius
321 2035 436 2098 magno,
458 2016 558 2097 Melie,
581 2024 646 2077 tum
668 2018 760 2076 mixta
782 2013 921 2076 Tonanti!

117 2123 213 2185 usque
237 2105 349 2166 adeone
372 2123 469 2166 meam
491 2123 679 2184 quacumque
701 2104 737 2166 ab
760 2106 875 2185 origine
898 2104 1016 2182 prolem
1089 2115 1136 2165 120

120 2193 294 2255 tristiciam
316 2189 459 2254 manent?
481 2194 524 2254 sie
548 2201 577 2253 te
601 2193 672 2254 31133
694 2192 822 2272 perdere
844 2194 936 2273 sensi,

119 2279 268 2362 luppiter,
291 2282 420 2342 iniustae
443 2280 561 2361 quando
584 2281 657 2342 mihi
675 2282 801 2360 uirginis
823 2282 915 2341 armis

120 2368 251 2429 concidit
272 2369 376 2430 inielix
400 2378 430 2430 ot
452 2387 534 2430 nuno
557 2369 647 2430 chaos
669 2369 773 2449 implet
795 2368 897 2430 Orion.

120 2474 176 2516 neo
199 2455 254 2516 tihi
277 2475 358 2518 nunc
381 2459 479 2517 uirtus
503 2464 554 2518 aut
576 2458 627 2519 det
649 2457 757 2518 fiducia
780 2459 884 2537 nostri,

120 2551 203 2623 nate,
226 2545 340 2604 animos
363 2542 530 2623 opibusque
554 2544 633 2605 ultra
656 2563 693 2605 ne
717 2543 807 2607 crede
830 2546 972 2625 paternis.
1089 2555 1139 2607 125

119 2633 178 2692 iarn
204 2632 264 2692 iarn
286 2631 358 2692 aliae
382 2633 464 2693 uires
487 2633 656 2711 maioraque
681 2635 824 2713 sanguine
848 2641 952 2694 nostro

120 2721 249 2781 uincunt
271 2721 330 2780 iata
353 2719 446 2801 louis,
468 2721 569 2799 potior
591 2722 641 2780 cui
664 2739 736 2782 cura
759 2739 883 2783 suorum
906 2729 961 2782 est.

122 2816 211 2887 atque
234 2806 302 2870 ideo
326 2827 423 2887 neque
447 2827 502 2888 ego
524 2808 600 2871 hanc
623 2809 746 2871 tumidis
768 2817 905 2872 arrertere
929 2814 1030 2873 uentis

125 2899 270 2978 temptaui
292 2893 415 2959 tenuiue
438 2906 547 2981 ratem,
570 2900 708 2972 aeciam
731 2918 814 2961 mora
836 2901 927 2961 morti

121 2984 192 3048 hinc
215 2989 273 3048 erit
291 2986 349 3048 3113
373 2995 457 3069 tuae,
480 3006 566 3068 reges
589 2995 727 3068 spretore
750 2983 920 3059 secundos?
1091 2999 1141 3050 130

122 3072 245 3136 ahstulit
266 3075 336 3136 inde
359 3075 479 3158 oeulos,
501 3084 663 3156 natumque
686 3084 717 3138 61
740 3079 838 3138 tristia
859 3076 998 3157 linquens

122 3162 235 3239 proelia
258 3166 421 3242 sanguineo
444 3172 540 3226 terras
563 3172 648 3244 pater
671 3164 755 3226 alluit
777 3175 870 3228 aestu.

166 3249 318 3332 Principio
341 3250 450 3314 ssuuios
472 3260 652 3332 gentemque
676 3262 706 3314 et
728 3253 815 3314 litora
838 3254 945 3315 ductor

123 3336 278 3414 explorare
301 3338 398 3422 iubet,
420 3340 601 3420 paulumque
624 3359 764 3420 egressus
786 3341 900 3401 Echion

122 3423 242 3485 inuenit
264 3424 393 3488 obscura
415 3429 543 3508 gemitus
565 3431 597 3489 in
619 3427 697 3489 ualle
720 3427 887 3488 trahentem

124 3509 199 3571 olam
221 3513 362 3574 iuuenem
385 3524 416 3575 et
438 3517 517 3576 caesi
540 3523 723 3576 maerentem
745 3530 853 3574 nomen
876 3516 971 3576 amici.
