2376 3938
124 199 189 264 158
541 200 651 255 LIBER
668 199 715 255 III.

122 361 284 426 foramine
307 384 365 445 per
389 385 519 429 omnem
546 363 794 429 crassitudinem
823 363 1006 446 elaborato,
1034 385 1138 449 neque

124 450 304 515 claudicare
332 451 428 516 fidem
457 453 680 517 crassitudinis
709 451 778 516 eius
808 451 926 517 inveni.
972 449 1035 515 Sed
1065 473 1140 516 cum

124 560 295 604 cavernam
319 539 411 605 illam
435 543 559 624 replere
582 541 773 626 religiosum
797 539 877 603 mihi
902 539 1073 619 videretur,
1099 540 1139 604 ad

124 628 386 712 supplementum
408 630 477 694 eius
497 630 683 714 quingentis
708 629 778 693 auri
801 629 935 692 talentis
960 649 1041 711 opus
1066 628 1138 693 fuit.

97 735 110 778 a
215 715 272 783 50.
296 716 382 781 Hinc
401 738 478 802 ergo
498 718 704 801 perdeserta
726 717 897 781 redeuntes
923 717 1027 780 multa
1044 739 1137 801 prae·
1155 729 1188 781 8.

124 810 222 890 rupta
247 806 405 870 eiusmodi
424 807 597 870 incidimus
616 807 698 889 loca,
722 828 803 891 quae
823 805 957 869 obsessa
975 806 1141 870 crassiori-

124 894 185 957 bus
215 893 358 959 nubibus
388 895 596 961 nebulosisve
624 916 753 959 omnem
784 893 917 958 omnino
949 894 1141 977 adspectum

124 981 249 1047 homini
274 983 475 1047 sustulerant
503 1005 540 1047 ac
569 983 640 1046 diei.
687 981 820 1062 Septem
849 982 985 1066 denique
1015 982 1141 1046 dierum

124 1071 240 1134 itinere
267 1092 326 1153 per
353 1070 413 1134 has
436 1072 586 1135 tenebras
620 1072 788 1135 exanclato
823 1070 956 1134 tandem
985 1069 1140 1135 Thermo-

85 1178 110 1218 ιο
125 1158 217 1222 donti
236 1159 482 1242 supervenimus
506 1161 632 1223 flumini
654 1160 740 1223 haud
764 1160 914 1243 cuiquam
938 1158 1077 1222 secundo
1102 1180 1140 1222 ex

124 1247 357 1330 magnitudine,
382 1247 438 1312 sed
462 1248 548 1312 enim
568 1270 626 1331 per
644 1248 744 1330 plana
767 1254 801 1311 et
824 1248 960 1331 opipara
980 1248 1052 1312 loca
1072 1269 1141 1311 ma

124 1355 189 1419 gno
219 1335 349 1419 agmine
373 1338 573 1422 pervaganti.
618 1335 756 1420 Propter
783 1336 868 1399 hunc
897 1335 1141 1400 Thermodonta

124 1444 224 1508 genus
245 1425 447 1489 Amazonum
466 1426 554 1505 colit,
578 1426 729 1489 mulieres
749 1424 971 1509 magnitudine
992 1425 1140 1506 corporis

124 1512 245 1594 pariter
264 1535 301 1577 ac
320 1513 561 1597 pulchritudine
580 1518 688 1578 cetera
706 1515 877 1578 hominum
892 1533 1012 1597 genera
1031 1533 1141 1595 super-

86 1619 111 1660 ra
125 1605 245 1685 vectae,
264 1603 401 1667 amictae
420 1625 507 1687 vero,
526 1607 562 1667 ut
581 1604 615 1666 in
634 1601 769 1686 picturis
789 1606 839 1666 est
858 1602 961 1665 visere
980 1600 1138 1665 unimam-

124 1712 204 1772 mae,
228 1694 262 1754 et
285 1692 390 1756 omnis
414 1691 503 1757 hisce
526 1692 628 1755 ferme
652 1692 790 1755 amictus
815 1695 864 1754 est
887 1712 979 1754 arma
1002 1690 1053 1753 vel
1077 1690 1140 1753 fer-

124 1800 206 1843 rum.
243 1778 349 1863 Igitur
373 1802 445 1845 cum
470 1781 557 1845 haud
580 1780 693 1865 procul
716 1779 768 1843 his
793 1799 971 1862 ageremus,
995 1779 1141 1861 ipsarum

125 1867 252 1951 quidem
282 1869 381 1952 potiri
406 1869 492 1933 haud
519 1869 613 1932 facile
643 1871 725 1949 erat,
753 1872 924 1950 utrumque
948 1872 1097 1931 nostrum
1122 1889 1141 1930 a

125 1977 304 2042 congressu
346 1957 569 2041 magnitudine
612 1956 754 2020 fluminis
796 1955 1006 2038 dispescente.
1078 1953 1141 2019 Sed

84 2050 254 2127 repraeter
284 2046 372 2110 illius
402 2067 518 2129 agmen
543 2046 668 2109 bestiae
692 2065 819 2129 quoque
847 2043 1023 2108 nonnullae
1048 2065 1141 2126 aspe-

124 2133 302 2217 rItatesque
320 2135 552 2217 impedimento
568 2138 669 2197 erant.
700 2135 744 2197 At
762 2133 847 2196 enim
868 2134 1034 2214 comperto
1054 2130 1142 2213 illae,

124 2222 209 2305 quod
243 2225 367 2286 ceterae
400 2243 526 2306 quoque
560 2220 741 2285 Amazones
775 2221 813 2284 de
845 2224 960 2284 nostra
994 2219 1142 2284 amicitia

123 2313 338 2392 coaptassent,
360 2312 451 2392 ipsae
471 2311 570 2375 etiam
589 2311 725 2395 periculi
744 2332 875 2374 causam
895 2309 987 2372 donis
1007 2309 1142 2373 anobis

124 2400 157 2461 et
181 2398 345 2480 obsequiis
368 2399 585 2463 redemerunt.

83 2504 111 2544 aa
215 2483 273 2550 51.
298 2485 443 2571 Itemque
462 2488 604 2550 indidem
624 2486 665 2551 ad
679 2486 826 2550 Rubrum
846 2506 933 2548 mare
952 2485 1041 2548 veni·
1075 2490 1187 2548 XXVII

124 2597 204 2658 mus,
228 2596 367 2658 quorum
386 2576 531 2641 locorum
550 2575 662 2639 dextra
680 2575 809 2659 quidem
827 2573 1010 2657 perasperis
1029 2573 1141 2638 inviis-
1186 2617 1188 2621 ,

124 2684 184 2745 que
208 2664 374 2728 montibus
398 2670 485 2728 recta
509 2669 569 2747 est,
592 2665 684 2728 laeva
702 2684 777 2727 vero
802 2663 884 2726 mari
903 2661 1015 2725 Rubro
1040 2662 1142 2728 latius

123 2751 204 2815 fusa.
249 2752 320 2817 Illic
343 2758 453 2816 tamen
476 2752 571 2817 factis
590 2751 745 2836 Neptuno
771 2752 870 2816 sacris
894 2750 1139 2835 immolatisque

213 3004 226 3050 1
247 2996 405 3052 elaboratIo
424 2999 459 3052 A.
533 3004 549 3051 3
568 2997 677 3066 replere
696 2998 731 3051 A.
760 2995 867 3063 repelle
886 2996 917 3049 P.

211 3068 259 3124 50.
280 3073 295 3122 5
315 3069 457 3123 redeuntia
476 3067 621 3136 multaque
635 3068 668 3122 P.
706 3074 722 3120 6
741 3067 892 3121 incidimus
911 3082 961 3120 om.
973 3066 1004 3120 P.
1043 3072 1059 3119 7
1079 3083 1140 3139 om-

121 3158 185 3194 nem
205 3157 255 3195 om.
271 3140 304 3194 P.
347 3146 363 3195 8
382 3138 504 3194 hominis
516 3139 652 3194 Mai.Mr.
673 3138 730 3192 diei
744 3154 793 3192 om.
808 3138 841 3192 P.
880 3143 895 3190 9
914 3135 1138 3191 theriodontiA.

121 3211 292 3266 termodonti
302 3212 335 3265 P.
375 3217 406 3264 11
427 3210 564 3280 oppipare
572 3212 605 3265 P.
640 3216 671 3265 12
691 3210 859 3278 pervaganti
869 3209 942 3262 Mai.
962 3210 1141 3276 pervagante

122 3283 196 3336 A.P.
224 3283 405 3337 termodonta
423 3283 457 3335 A.
536 3287 568 3334 16
584 3287 648 3350 post
669 3280 781 3333 ‘omnis’
802 3280 834 3332 ia
852 3279 976 3349 nrarpiae
993 3280 1140 3346 suppletur

122 3352 285 3407 exercitatio
308 3354 341 3406 P.
369 3353 412 3406 his
433 3352 467 3405 P.
496 3351 615 3406 amiotus
635 3368 684 3406 om.
706 3352 740 3404 P.
789 3356 820 3403 17
840 3350 938 3418 procul
958 3366 1020 3403 cum
1039 3348 1083 3401 his
1104 3350 1138 3404 P.

123 3428 155 3476 19
175 3423 217 3477 dis
240 3426 350 3477 escente
371 3425 404 3478 P.
434 3423 617 3492 dispertiente
637 3423 671 3476 A.
745 3420 1058 3487 ropraeaerquen.1>.

231 3494 258 3547 1.
280 3499 313 3546 25
333 3493 434 3547 rubum
453 3495 485 3547 P.
548 3498 582 3548 26
601 3509 652 3561 per
670 3508 784 3561 asperos
803 3490 950 3558 inviosque
970 3493 1080 3544 montes
1102 3490 1138 3545 P.

122 3567 156 3615 27
176 3563 258 3615 laeva
277 3563 385 3629 ergoP.
427 3568 461 3617 28
481 3563 813 3626 Verba‘lllic-159‚2
833 3561 1011 3630 repedemus’
1033 3578 1082 3615 om.
1104 3561 1138 3617 P.
