<?xml version="1.0" encoding="UTF-8"?>
<!DOCTYPE html PUBLIC "-//W3C//DTD XHTML 1.0 Transitional//EN"
    "http://www.w3.org/TR/xhtml1/DTD/xhtml1-transitional.dtd">
<html xmlns="http://www.w3.org/1999/xhtml" xml:lang="en" lang="en">
 <head>
  <title>
</title>
<meta http-equiv="Content-Type" content="text/html;charset=utf-8" />
  <meta name='ocr-system' content='tesseract 3.04.00' />
  <meta name='ocr-capabilities' content='ocr_page ocr_carea ocr_par ocr_line ocrx_word'/>
</head>
<body>
  <div class='ocr_page' id='page_1' title='image "./domitiivlpianiq00huscgoog/domitiivlpianiq00huscgoog_0222.png"; bbox 0 0 2362 3938; ppageno 0'>
   <div class='ocr_carea' id='block_1_1' title="bbox 420 160 1094 232">
    <p class='ocr_par' dir='ltr' id='par_1_1' title="bbox 420 160 1094 232">
     <span class='ocr_line' id='line_1_1' title="bbox 420 160 1094 232; baseline 0 -17"><span class='ocrx_word' id='word_1_1' title='bbox 420 160 538 216; x_wconf 80' lang='lat' dir='ltr'>sorus</span> <span class='ocrx_word' id='word_1_2' title='bbox 559 161 731 217; x_wconf 78' lang='lat' dir='ltr'>smxrrvo</span> <span class='ocrx_word' id='word_1_3' title='bbox 758 163 779 220; x_wconf 92' lang='lat'>1.</span> <span class='ocrx_word' id='word_1_4' title='bbox 1051 167 1094 232; x_wconf 86' lang='lat'>99</span> 
     </span>
    </p>
   </div>
   <div class='ocr_carea' id='block_1_2' title="bbox 55 324 1126 2983">
    <p class='ocr_par' dir='ltr' id='par_1_2' title="bbox 55 324 1126 2983">
     <span class='ocr_line' id='line_1_2' title="bbox 80 324 1102 410; baseline 0.005 -19"><span class='ocrx_word' id='word_1_5' title='bbox 80 325 254 391; x_wconf 83' lang='lat' dir='ltr'>clementia</span> <span class='ocrx_word' id='word_1_6' title='bbox 284 325 521 408; x_wconf 90' lang='lat' dir='ltr'>competentius</span> <span class='ocrx_word' id='word_1_7' title='bbox 549 324 681 410; x_wconf 90' lang='lat' dir='ltr'>feceris,</span> <span class='ocrx_word' id='word_1_8' title='bbox 710 327 738 390; x_wconf 93' lang='lat' dir='ltr'>si</span> <span class='ocrx_word' id='word_1_9' title='bbox 766 326 974 394; x_wconf 88' lang='lat' dir='ltr'>miseratione</span> <span class='ocrx_word' id='word_1_10' title='bbox 1003 331 1102 396; x_wconf 87' lang='lat' dir='ltr'>hosce</span> 
     </span>
     <span class='ocr_line' id='line_1_3' title="bbox 80 413 1100 501; baseline 0.008 -23"><span class='ocrx_word' id='word_1_11' title='bbox 80 413 267 497; x_wconf 90' lang='lat' dir='ltr'>impertias,</span> <span class='ocrx_word' id='word_1_12' title='bbox 297 435 379 498; x_wconf 92' lang='lat' dir='ltr'>quos</span> <span class='ocrx_word' id='word_1_13' title='bbox 407 414 539 479; x_wconf 81' lang='lat' dir='ltr'><strong>tibimet</strong></span> <span class='ocrx_word' id='word_1_14' title='bbox 561 413 693 480; x_wconf 90' lang='lat' dir='ltr'>fortuna</span> <span class='ocrx_word' id='word_1_15' title='bbox 719 417 879 500; x_wconf 91' lang='lat' dir='ltr'>supplices</span> <span class='ocrx_word' id='word_1_16' title='bbox 903 421 1100 501; x_wconf 83' lang='lat' dir='ltr'>procuravit</span> 
     </span>
     <span class='ocr_line' id='line_1_4' title="bbox 79 500 1099 588; baseline 0.006 -22"><span class='ocrx_word' id='word_1_17' title='bbox 79 502 189 587; x_wconf 79' lang='lat' dir='ltr'>igitur</span> <span class='ocrx_word' id='word_1_18' title='bbox 217 522 278 587; x_wconf 85' lang='lat' dir='ltr'>ego</span> <span class='ocrx_word' id='word_1_19' title='bbox 305 523 364 585; x_wconf 90' lang='lat' dir='ltr'>per</span> <span class='ocrx_word' id='word_1_20' title='bbox 390 500 550 569; x_wconf 83' lang='lat' dir='ltr'>favisores</span> <span class='ocrx_word' id='word_1_21' title='bbox 578 503 628 567; x_wconf 91' lang='lat' dir='ltr'>tui</span> <span class='ocrx_word' id='word_1_22' title='bbox 656 503 734 568; x_wconf 90' lang='lat' dir='ltr'>deos</span> <span class='ocrx_word' id='word_1_23' title='bbox 756 504 924 588; x_wconf 89' lang='lat' dir='ltr'>nostrique</span> <span class='ocrx_word' id='word_1_24' title='bbox 952 507 1099 573; x_wconf 90' lang='lat' dir='ltr'>adversa·</span> 
     </span>
     <span class='ocr_line' id='line_1_5' title="bbox 79 591 1099 681; baseline 0.005 -25"><span class='ocrx_word' id='word_1_25' title='bbox 79 596 168 656; x_wconf 88' lang='lat' dir='ltr'>tores</span> <span class='ocrx_word' id='word_1_26' title='bbox 200 612 321 675; x_wconf 79' lang='lat' dir='ltr'>quaeso</span> <span class='ocrx_word' id='word_1_27' title='bbox 352 591 563 677; x_wconf 82' lang='lat' dir='ltr'>obsecroque,</span> <span class='ocrx_word' id='word_1_28' title='bbox 593 591 643 656; x_wconf 89' lang='lat' dir='ltr'>uti</span> <span class='ocrx_word' id='word_1_29' title='bbox 672 613 800 657; x_wconf 91' lang='lat' dir='ltr'>mecum</span> <span class='ocrx_word' id='word_1_30' title='bbox 828 594 943 659; x_wconf 88' lang='lat' dir='ltr'>matris</span> <span class='ocrx_word' id='word_1_31' title='bbox 972 616 1099 681; x_wconf 88' lang='lat' dir='ltr'>quoquc</span> 
     </span>
     <span class='ocr_line' id='line_1_6' title="bbox 80 680 1125 766; baseline 0.005 -21"><span class='ocrx_word' id='word_1_32' title='bbox 80 684 113 745; x_wconf 90' lang='lat' dir='ltr'>et</span> <span class='ocrx_word' id='word_1_33' title='bbox 136 680 296 764; x_wconf 83' lang='lat' dir='ltr'>coniugis,</span> <span class='ocrx_word' id='word_1_34' title='bbox 318 683 356 744; x_wconf 90' lang='lat' dir='ltr'>ut</span> <span class='ocrx_word' id='word_1_35' title='bbox 378 682 412 743; x_wconf 88' lang='lat' dir='ltr'>te</span> <span class='ocrx_word' id='word_1_36' title='bbox 431 680 565 765; x_wconf 79' lang='lat' dir='ltr'>dignum</span> <span class='ocrx_word' id='word_1_37' title='bbox 584 682 644 765; x_wconf 87' lang='lat' dir='ltr'>est,</span> <span class='ocrx_word' id='word_1_38' title='bbox 667 681 807 746; x_wconf 90' lang='lat' dir='ltr'>filiorum</span> <span class='ocrx_word' id='word_1_39' title='bbox 827 703 952 766; x_wconf 87' lang='lat' dir='ltr'>quoque</span> <span class='ocrx_word' id='word_1_40' title='bbox 971 689 1125 750; x_wconf 85' lang='lat' dir='ltr'>nostro-5</span> 
     </span>
     <span class='ocr_line' id='line_1_7' title="bbox 79 768 1098 854; baseline 0.004 -21"><span class='ocrx_word' id='word_1_41' title='bbox 79 791 151 834; x_wconf 91' lang='lat' dir='ltr'>rum</span> <span class='ocrx_word' id='word_1_42' title='bbox 167 768 354 833; x_wconf 84' lang='lat' dir='ltr'><strong>meminisse</strong></span> <span class='ocrx_word' id='word_1_43' title='bbox 371 790 440 833; x_wconf 89' lang='lat' dir='ltr'>non</span> <span class='ocrx_word' id='word_1_44' title='bbox 459 789 639 854; x_wconf 79' lang='lat' dir='ltr'>aspernere.</span> <span class='ocrx_word' id='word_1_45' title='bbox 676 768 757 834; x_wconf 76' lang='lat' dir='ltr'>llius</span> <span class='ocrx_word' id='word_1_46' title='bbox 777 771 839 836; x_wconf 90' lang='lat' dir='ltr'>tibi</span> <span class='ocrx_word' id='word_1_47' title='bbox 858 771 1098 837; x_wconf 86' lang='lat' dir='ltr'>benivolentiae</span> 
     </span>
     <span class='ocr_line' id='line_1_8' title="bbox 79 855 1096 944; baseline 0.004 -22"><span class='ocrx_word' id='word_1_48' title='bbox 79 855 339 923; x_wconf 88' lang='lat' dir='ltr'>vicissitudinem</span> <span class='ocrx_word' id='word_1_49' title='bbox 358 857 513 942; x_wconf 83' lang='lat' dir='ltr'>spondeo,</span> <span class='ocrx_word' id='word_1_50' title='bbox 532 858 581 922; x_wconf 89' lang='lat' dir='ltr'>uti</span> <span class='ocrx_word' id='word_1_51' title='bbox 599 857 781 944; x_wconf 81' lang='lat' dir='ltr'>thesauros,</span> <span class='ocrx_word' id='word_1_52' title='bbox 804 881 884 944; x_wconf 90' lang='lat' dir='ltr'>quos</span> <span class='ocrx_word' id='word_1_53' title='bbox 908 881 948 925; x_wconf 89' lang='lat' dir='ltr'>ex</span> <span class='ocrx_word' id='word_1_54' title='bbox 965 863 1096 926; x_wconf 89' lang='lat' dir='ltr'>vetusto</span> 
     </span>
     <span class='ocr_line' id='line_1_9' title="bbox 78 946 1096 1032; baseline 0.002 -20"><span class='ocrx_word' id='word_1_55' title='bbox 78 947 174 1012; x_wconf 91' lang='lat' dir='ltr'>nobis</span> <span class='ocrx_word' id='word_1_56' title='bbox 199 966 293 1031; x_wconf 84' lang='lat' dir='ltr'>reges</span> <span class='ocrx_word' id='word_1_57' title='bbox 316 949 466 1030; x_wconf 89' lang='lat' dir='ltr'>parentes</span> <span class='ocrx_word' id='word_1_58' title='bbox 492 946 660 1012; x_wconf 92' lang='lat' dir='ltr'>subfossos</span> <span class='ocrx_word' id='word_1_59' title='bbox 688 947 780 1013; x_wconf 90' lang='lat' dir='ltr'>humi</span> <span class='ocrx_word' id='word_1_60' title='bbox 803 947 993 1032; x_wconf 89' lang='lat' dir='ltr'>abditosque</span> <span class='ocrx_word' id='word_1_61' title='bbox 1016 948 1096 1016; x_wconf 86' lang='lat' dir='ltr'>late-</span> 
     </span>
     <span class='ocr_line' id='line_1_10' title="bbox 79 1034 1097 1120; baseline 0.002 -20"><span class='ocrx_word' id='word_1_62' title='bbox 79 1036 147 1101; x_wconf 90' lang='lat' dir='ltr'>bris</span> <span class='ocrx_word' id='word_1_63' title='bbox 169 1035 379 1118; x_wconf 90' lang='lat' dir='ltr'>reliquerunt,</span> <span class='ocrx_word' id='word_1_64' title='bbox 402 1035 473 1118; x_wconf 87' lang='lat' dir='ltr'>ipse</span> <span class='ocrx_word' id='word_1_65' title='bbox 498 1034 634 1120; x_wconf 83' lang='lat' dir='ltr'>quoque&#39;</span> <span class='ocrx_word' id='word_1_66' title='bbox 650 1056 761 1101; x_wconf 91' lang='lat' dir='ltr'>coram</span> <span class='ocrx_word' id='word_1_67' title='bbox 783 1035 922 1118; x_wconf 75' lang='lat' dir='ltr'>referam</span> <span class='ocrx_word' id='word_1_68' title='bbox 945 1038 1097 1103; x_wconf 91' lang='lat' dir='ltr'>indicem-</span> 
     </span>
     <span class='ocr_line' id='line_1_11' title="bbox 79 1122 1126 1211; baseline 0 -23"><span class='ocrx_word' id='word_1_69' title='bbox 79 1145 149 1209; x_wconf 90' lang='lat' dir='ltr'>que,</span> <span class='ocrx_word' id='word_1_70' title='bbox 168 1126 303 1208; x_wconf 90' lang='lat' dir='ltr'>tumque</span> <span class='ocrx_word' id='word_1_71' title='bbox 318 1123 380 1188; x_wconf 89' lang='lat' dir='ltr'>tibi</span> <span class='ocrx_word' id='word_1_72' title='bbox 394 1122 568 1189; x_wconf 86' lang='lat' dir='ltr'>Persarum</span> <span class='ocrx_word' id='word_1_73' title='bbox 587 1124 665 1188; x_wconf 90' lang='lat' dir='ltr'>deos</span> <span class='ocrx_word' id='word_1_74' title='bbox 679 1145 853 1210; x_wconf 88' lang='lat' dir='ltr'>prosperos</span> <span class='ocrx_word' id='word_1_75' title='bbox 872 1129 906 1191; x_wconf 90' lang='lat' dir='ltr'>et</span> <span class='ocrx_word' id='word_1_76' title='bbox 924 1127 1097 1211; x_wconf 88' lang='lat' dir='ltr'>imperium</span> <span class='ocrx_word' id='word_1_77' title='bbox 1111 1153 1126 1192; x_wconf 77' lang='grc' dir='ltr'>ιι</span> 
     </span>
     <span class='ocr_line' id='line_1_12' title="bbox 55 1211 1097 1300; baseline 0.005 -24"><span class='ocrx_word' id='word_1_78' title='bbox 55 1212 257 1297; x_wconf 22' lang='lat' dir='ltr'>,secundum</span> <span class='ocrx_word' id='word_1_79' title='bbox 280 1211 450 1278; x_wconf 86' lang='lat' dir='ltr'>Medorum</span> <span class='ocrx_word' id='word_1_80' title='bbox 474 1213 572 1277; x_wconf 88' lang='lat' dir='ltr'>etiam</span> <span class='ocrx_word' id='word_1_81' title='bbox 596 1216 630 1276; x_wconf 90' lang='lat' dir='ltr'>et</span> <span class='ocrx_word' id='word_1_82' title='bbox 652 1213 851 1299; x_wconf 87' lang='lat' dir='ltr'>reliquarum</span> <span class='ocrx_word' id='word_1_83' title='bbox 875 1216 1022 1300; x_wconf 80' lang='lat' dir='ltr'>gentium</span> <span class='ocrx_word' id='word_1_84' title='bbox 1045 1215 1097 1281; x_wconf 79' lang='lat' dir='ltr'>de</span> 
     </span>
     <span class='ocr_line' id='line_1_13' title="bbox 79 1301 1098 1389; baseline 0.004 -24"><span class='ocrx_word' id='word_1_85' title='bbox 79 1301 239 1386; x_wconf 89' lang='lat' dir='ltr'>precabor</span> <span class='ocrx_word' id='word_1_86' title='bbox 261 1302 361 1386; x_wconf 82' lang='lat' dir='ltr'>digno</span> <span class='ocrx_word' id='word_1_87' title='bbox 385 1301 532 1385; x_wconf 87' lang='lat' dir='ltr'>profecto</span> <span class='ocrx_word' id='word_1_88' title='bbox 560 1302 621 1366; x_wconf 90' lang='lat' dir='ltr'>tali</span> <span class='ocrx_word' id='word_1_89' title='bbox 644 1301 754 1367; x_wconf 86' lang='lat' dir='ltr'>favore</span> <span class='ocrx_word' id='word_1_90' title='bbox 777 1304 980 1389; x_wconf 89' lang='lat' dir='ltr'>caelestium,</span> <span class='ocrx_word' id='word_1_91' title='bbox 1012 1305 1098 1369; x_wconf 89' lang='lat' dir='ltr'>siin</span> 
     </span>
     <span class='ocr_line' id='line_1_14' title="bbox 80 1389 1095 1475; baseline 0.001 -20"><span class='ocrx_word' id='word_1_92' title='bbox 80 1391 151 1456; x_wconf 91' lang='lat' dir='ltr'>aliis</span> <span class='ocrx_word' id='word_1_93' title='bbox 172 1411 301 1475; x_wconf 88' lang='lat' dir='ltr'>quoque</span> <span class='ocrx_word' id='word_1_94' title='bbox 319 1389 502 1456; x_wconf 85' lang='lat' dir='ltr'>relevandis</span> <span class='ocrx_word' id='word_1_95' title='bbox 522 1390 639 1455; x_wconf 79' lang='lat' dir='ltr'>tuimet</span> <span class='ocrx_word' id='word_1_96' title='bbox 657 1392 845 1456; x_wconf 88' lang='lat' dir='ltr'>memineris</span> <span class='ocrx_word' id='word_1_97' title='bbox 869 1396 907 1456; x_wconf 87' lang='lat' dir='ltr'>ut</span> <span class='ocrx_word' id='word_1_98' title='bbox 923 1392 1095 1459; x_wconf 68' lang='lat' dir='ltr'>mortalis?</span> 
     </span>
     <span class='ocr_line' id='line_1_15' title="bbox 168 1477 1095 1565; baseline 0.002 -22"><span class='ocrx_word' id='word_1_99' title='bbox 168 1477 267 1543; x_wconf 87' lang='lat' dir='ltr'>Hisce</span> <span class='ocrx_word' id='word_1_100' title='bbox 295 1478 413 1544; x_wconf 88' lang='lat' dir='ltr'>litteris</span> <span class='ocrx_word' id='word_1_101' title='bbox 443 1478 580 1563; x_wconf 90' lang='lat' dir='ltr'>sumptis</span> <span class='ocrx_word' id='word_1_102' title='bbox 604 1479 787 1544; x_wconf 86' lang='lat' dir='ltr'>Alexander</span> <span class='ocrx_word' id='word_1_103' title='bbox 815 1480 998 1545; x_wconf 87' lang='lat' dir='ltr'>contionem</span> <span class='ocrx_word' id='word_1_104' title='bbox 1021 1502 1095 1565; x_wconf 91' lang='lat' dir='ltr'>pro-</span> 
     </span>
     <span class='ocr_line' id='line_1_16' title="bbox 79 1567 1126 1654; baseline 0.005 -22"><span class='ocrx_word' id='word_1_105' title='bbox 79 1569 167 1632; x_wconf 89' lang='lat' dir='ltr'>tinus</span> <span class='ocrx_word' id='word_1_106' title='bbox 197 1567 406 1650; x_wconf 89' lang='lat' dir='ltr'>optimatium</span> <span class='ocrx_word' id='word_1_107' title='bbox 437 1571 470 1632; x_wconf 94' lang='lat' dir='ltr'>et</span> <span class='ocrx_word' id='word_1_108' title='bbox 499 1568 719 1651; x_wconf 87' lang='lat' dir='ltr'>praesentium</span> <span class='ocrx_word' id='word_1_109' title='bbox 748 1568 839 1654; x_wconf 83' lang='lat' dir='ltr'>cogit</span> <span class='ocrx_word' id='word_1_110' title='bbox 868 1571 901 1632; x_wconf 91' lang='lat' dir='ltr'>et</span> <span class='ocrx_word' id='word_1_111' title='bbox 930 1590 983 1651; x_wconf 91' lang='lat' dir='ltr'>ea,</span> <span class='ocrx_word' id='word_1_112' title='bbox 1012 1589 1093 1652; x_wconf 89' lang='lat' dir='ltr'>quae</span> <span class='ocrx_word' id='word_1_113' title='bbox 1108 1597 1126 1638; x_wconf 83' lang='lat' dir='ltr'>n</span> 
     </span>
     <span class='ocr_line' id='line_1_17' title="bbox 79 1656 1095 1741; baseline 0.001 -20"><span class='ocrx_word' id='word_1_114' title='bbox 79 1657 202 1741; x_wconf 89' lang='lat' dir='ltr'>scripta</span> <span class='ocrx_word' id='word_1_115' title='bbox 222 1659 313 1740; x_wconf 91' lang='lat' dir='ltr'>sunt,</span> <span class='ocrx_word' id='word_1_116' title='bbox 333 1656 464 1720; x_wconf 90' lang='lat' dir='ltr'>recitari</span> <span class='ocrx_word' id='word_1_117' title='bbox 482 1678 550 1721; x_wconf 90' lang='lat' dir='ltr'>non</span> <span class='ocrx_word' id='word_1_118' title='bbox 570 1656 686 1720; x_wconf 86' lang='lat' dir='ltr'>differt.</span> <span class='ocrx_word' id='word_1_119' title='bbox 717 1656 891 1721; x_wconf 83' lang='lat' dir='ltr'>Enimvero</span> <span class='ocrx_word' id='word_1_120' title='bbox 911 1659 989 1721; x_wconf 87' lang='lat' dir='ltr'>tuno</span> <span class='ocrx_word' id='word_1_121' title='bbox 1013 1679 1095 1722; x_wconf 80' lang='lat' dir='ltr'>unus</span> 
     </span>
     <span class='ocr_line' id='line_1_18' title="bbox 78 1743 1096 1830; baseline 0 -21"><span class='ocrx_word' id='word_1_122' title='bbox 78 1744 307 1810; x_wconf 75' lang='lat' dir='ltr'>adsistentium</span> <span class='ocrx_word' id='word_1_123' title='bbox 339 1743 539 1811; x_wconf 89' lang='lat' dir='ltr'>Parmenion</span> <span class='ocrx_word' id='word_1_124' title='bbox 578 1747 614 1809; x_wconf 92' lang='lat' dir='ltr'>in</span> <span class='ocrx_word' id='word_1_125' title='bbox 650 1766 722 1809; x_wconf 91' lang='lat' dir='ltr'>eam</span> <span class='ocrx_word' id='word_1_126' title='bbox 765 1745 958 1809; x_wconf 88' lang='lat' dir='ltr'>sententiam</span> <span class='ocrx_word' id='word_1_127' title='bbox 995 1744 1096 1830; x_wconf 90' lang='lat' dir='ltr'>vadit,</span> 
     </span>
     <span class='ocr_line' id='line_1_19' title="bbox 78 1832 1096 1917; baseline 0.001 -19"><span class='ocrx_word' id='word_1_128' title='bbox 78 1835 126 1898; x_wconf 90' lang='lat' dir='ltr'>uti</span> <span class='ocrx_word' id='word_1_129' title='bbox 154 1854 216 1898; x_wconf 90' lang='lat' dir='ltr'>nec</span> <span class='ocrx_word' id='word_1_130' title='bbox 242 1832 457 1898; x_wconf 88' lang='lat' dir='ltr'>humanitatis</span> <span class='ocrx_word' id='word_1_131' title='bbox 487 1833 629 1899; x_wconf 85' lang='lat' dir='ltr'>officium</span> <span class='ocrx_word' id='word_1_132' title='bbox 656 1833 842 1898; x_wconf 89' lang='lat' dir='ltr'>Alexander</span> <span class='ocrx_word' id='word_1_133' title='bbox 871 1833 1011 1917; x_wconf 89' lang='lat' dir='ltr'>supplici</span> <span class='ocrx_word' id='word_1_134' title='bbox 1040 1833 1096 1899; x_wconf 91' lang='lat' dir='ltr'>de-</span> 
     </span>
     <span class='ocr_line' id='line_1_20' title="bbox 77 1921 1094 2008; baseline -0.002 -21"><span class='ocrx_word' id='word_1_135' title='bbox 77 1926 213 2008; x_wconf 84' lang='lat' dir='ltr'>negaret</span> <span class='ocrx_word' id='word_1_136' title='bbox 240 1926 273 1986; x_wconf 89' lang='lat' dir='ltr'>et</span> <span class='ocrx_word' id='word_1_137' title='bbox 297 1943 347 2006; x_wconf 91' lang='lat' dir='ltr'>ea,</span> <span class='ocrx_word' id='word_1_138' title='bbox 371 1944 453 2006; x_wconf 90' lang='lat' dir='ltr'>quae</span> <span class='ocrx_word' id='word_1_139' title='bbox 477 1922 540 1987; x_wconf 90' lang='lat' dir='ltr'>sibi</span> <span class='ocrx_word' id='word_1_140' title='bbox 564 1921 770 2006; x_wconf 88' lang='lat' dir='ltr'>promiserat,</span> <span class='ocrx_word' id='word_1_141' title='bbox 793 1921 948 1986; x_wconf 88' lang='lat' dir='ltr'>libentius</span> <span class='ocrx_word' id='word_1_142' title='bbox 972 1922 1094 2005; x_wconf 90' lang='lat' dir='ltr'>ample-</span> 
     </span>
     <span class='ocr_line' id='line_1_21' title="bbox 78 2010 1126 2095; baseline 0.003 -20"><span class='ocrx_word' id='word_1_143' title='bbox 78 2017 219 2094; x_wconf 88' lang='lat' dir='ltr'>xaretur,</span> <span class='ocrx_word' id='word_1_144' title='bbox 235 2010 420 2075; x_wconf 89' lang='lat' dir='ltr'>redditurus</span> <span class='ocrx_word' id='word_1_145' title='bbox 436 2013 559 2076; x_wconf 89' lang='lat' dir='ltr'>scilicet</span> <span class='ocrx_word' id='word_1_146' title='bbox 577 2015 715 2075; x_wconf 91' lang='lat' dir='ltr'>matrem</span> <span class='ocrx_word' id='word_1_147' title='bbox 730 2011 853 2094; x_wconf 89' lang='lat' dir='ltr'>pariter</span> <span class='ocrx_word' id='word_1_148' title='bbox 871 2013 904 2075; x_wconf 91' lang='lat' dir='ltr'>et</span> <span class='ocrx_word' id='word_1_149' title='bbox 923 2011 1126 2095; x_wconf 82' lang='lat' dir='ltr'>coniugsma</span> 
     </span>
     <span class='ocr_line' id='line_1_22' title="bbox 78 2097 1097 2184; baseline -0.002 -18"><span class='ocrx_word' id='word_1_150' title='bbox 78 2122 142 2166; x_wconf 88' lang='lat' dir='ltr'>una</span> <span class='ocrx_word' id='word_1_151' title='bbox 161 2121 235 2165; x_wconf 88' lang='lat' dir='ltr'>oum</span> <span class='ocrx_word' id='word_1_152' title='bbox 253 2099 385 2165; x_wconf 90' lang='lat' dir='ltr'>filiabus</span> <span class='ocrx_word' id='word_1_153' title='bbox 404 2100 550 2165; x_wconf 88' lang='lat' dir='ltr'>mercede</span> <span class='ocrx_word' id='word_1_154' title='bbox 568 2099 730 2184; x_wconf 90' lang='lat' dir='ltr'>promissi.</span> <span class='ocrx_word' id='word_1_155' title='bbox 769 2097 831 2164; x_wconf 84' lang='lat' dir='ltr'>Sed</span> <span class='ocrx_word' id='word_1_156' title='bbox 851 2099 937 2164; x_wconf 88' lang='lat' dir='ltr'>enim</span> <span class='ocrx_word' id='word_1_157' title='bbox 956 2098 1097 2164; x_wconf 87' lang='lat' dir='ltr'>adhaec</span> 
     </span>
     <span class='ocr_line' id='line_1_23' title="bbox 79 2187 1096 2274; baseline 0 -21"><span class='ocrx_word' id='word_1_158' title='bbox 79 2189 273 2272; x_wconf 84' lang='lat' dir='ltr'>Alexander,</span> <span class='ocrx_word' id='word_1_159' title='bbox 297 2187 432 2273; x_wconf 71' lang='lat' dir='ltr'>‘Atqui&#39;</span> <span class='ocrx_word' id='word_1_160' title='bbox 456 2189 571 2273; x_wconf 89' lang='lat' dir='ltr'>inquit,</span> <span class='ocrx_word' id='word_1_161' title='bbox 595 2187 627 2254; x_wconf 77' lang='lat' dir='ltr'>‘o</span> <span class='ocrx_word' id='word_1_162' title='bbox 648 2187 853 2274; x_wconf 87' lang='lat' dir='ltr'>Parmenion,</span> <span class='ocrx_word' id='word_1_163' title='bbox 876 2188 957 2253; x_wconf 91' lang='lat' dir='ltr'>mihi</span> <span class='ocrx_word' id='word_1_164' title='bbox 981 2190 1096 2254; x_wconf 86' lang='lat' dir='ltr'>contra</span> 
     </span>
     <span class='ocr_line' id='line_1_24' title="bbox 79 2276 1094 2362; baseline -0.001 -19"><span class='ocrx_word' id='word_1_165' title='bbox 79 2278 252 2343; x_wconf 87' lang='lat' dir='ltr'>consilium</span> <span class='ocrx_word' id='word_1_166' title='bbox 272 2281 323 2342; x_wconf 91' lang='lat' dir='ltr'>est</span> <span class='ocrx_word' id='word_1_167' title='bbox 340 2278 536 2361; x_wconf 89' lang='lat' dir='ltr'>respondere</span> <span class='ocrx_word' id='word_1_168' title='bbox 555 2276 665 2362; x_wconf 89' lang='lat' dir='ltr'>Dario,</span> <span class='ocrx_word' id='word_1_169' title='bbox 688 2276 811 2342; x_wconf 89' lang='lat' dir='ltr'>frustra</span> <span class='ocrx_word' id='word_1_170' title='bbox 834 2298 870 2342; x_wconf 88' lang='lat' dir='ltr'>se</span> <span class='ocrx_word' id='word_1_171' title='bbox 892 2276 984 2342; x_wconf 87' lang='lat' dir='ltr'>illurn</span> <span class='ocrx_word' id='word_1_172' title='bbox 1003 2277 1094 2342; x_wconf 88' lang='lat' dir='ltr'>hisce</span> 
     </span>
     <span class='ocr_line' id='line_1_25' title="bbox 78 2366 1095 2451; baseline 0.001 -21"><span class='ocrx_word' id='word_1_173' title='bbox 78 2367 112 2430; x_wconf 89' lang='lat' dir='ltr'>in</span> <span class='ocrx_word' id='word_1_174' title='bbox 140 2388 201 2432; x_wconf 92' lang='lat' dir='ltr'>nos</span> <span class='ocrx_word' id='word_1_175' title='bbox 229 2366 483 2432; x_wconf 85' lang='lat' dir='ltr'>liberalitatibus</span> <span class='ocrx_word' id='word_1_176' title='bbox 511 2366 674 2450; x_wconf 89' lang='lat' dir='ltr'>iactitare,</span> <span class='ocrx_word' id='word_1_177' title='bbox 705 2366 789 2451; x_wconf 91' lang='lat' dir='ltr'>quod</span> <span class='ocrx_word' id='word_1_178' title='bbox 817 2366 990 2432; x_wconf 89' lang='lat' dir='ltr'>thesauros</span> <span class='ocrx_word' id='word_1_179' title='bbox 1018 2387 1095 2432; x_wconf 89' lang='lat' dir='ltr'>suos</span> 
     </span>
     <span class='ocr_line' id='line_1_26' title="bbox 80 2454 1126 2540; baseline 0.005 -21"><span class='ocrx_word' id='word_1_180' title='bbox 80 2477 201 2539; x_wconf 90' lang='lat' dir='ltr'>suaque</span> <span class='ocrx_word' id='word_1_181' title='bbox 224 2476 326 2540; x_wconf 81' lang='lat' dir='ltr'>regna</span> <span class='ocrx_word' id='word_1_182' title='bbox 349 2455 530 2538; x_wconf 86' lang='lat' dir='ltr'>pollicetur.</span> <span class='ocrx_word' id='word_1_183' title='bbox 570 2454 646 2522; x_wconf 90' lang='lat' dir='ltr'>Non</span> <span class='ocrx_word' id='word_1_184' title='bbox 669 2455 755 2519; x_wconf 90' lang='lat' dir='ltr'>enim</span> <span class='ocrx_word' id='word_1_185' title='bbox 778 2454 867 2521; x_wconf 89' lang='lat' dir='ltr'>videt</span> <span class='ocrx_word' id='word_1_186' title='bbox 889 2460 1006 2520; x_wconf 84' lang='lat' dir='ltr'>cuncta</span> <span class='ocrx_word' id='word_1_187' title='bbox 1029 2455 1094 2521; x_wconf 89' lang='lat' dir='ltr'>ista</span> <span class='ocrx_word' id='word_1_188' title='bbox 1107 2483 1126 2524; x_wconf 80' lang='lat' dir='ltr'>a</span> 
     </span>
     <span class='ocr_line' id='line_1_27' title="bbox 78 2543 1095 2629; baseline -0.001 -21"><span class='ocrx_word' id='word_1_189' title='bbox 78 2543 168 2628; x_wconf 89' lang='lat' dir='ltr'>haec,</span> <span class='ocrx_word' id='word_1_190' title='bbox 183 2565 264 2628; x_wconf 91' lang='lat' dir='ltr'>quae</span> <span class='ocrx_word' id='word_1_191' title='bbox 278 2544 374 2609; x_wconf 88' lang='lat' dir='ltr'>nobis</span> <span class='ocrx_word' id='word_1_192' title='bbox 390 2544 509 2609; x_wconf 91' lang='lat' dir='ltr'>litteris</span> <span class='ocrx_word' id='word_1_193' title='bbox 529 2543 694 2629; x_wconf 84' lang='lat' dir='ltr'>largietur,</span> <span class='ocrx_word' id='word_1_194' title='bbox 711 2544 781 2609; x_wconf 90' lang='lat' dir='ltr'>iure</span> <span class='ocrx_word' id='word_1_195' title='bbox 800 2543 878 2609; x_wconf 92' lang='lat' dir='ltr'>belli</span> <span class='ocrx_word' id='word_1_196' title='bbox 896 2548 1010 2609; x_wconf 88' lang='lat' dir='ltr'>nostra</span> <span class='ocrx_word' id='word_1_197' title='bbox 1025 2563 1095 2608; x_wconf 90' lang='lat' dir='ltr'>esse</span> 
     </span>
     <span class='ocr_line' id='line_1_28' title="bbox 78 2631 1095 2717; baseline -0.001 -21"><span class='ocrx_word' id='word_1_198' title='bbox 78 2633 239 2716; x_wconf 88' lang='lat' dir='ltr'>perfecta,</span> <span class='ocrx_word' id='word_1_199' title='bbox 266 2653 371 2716; x_wconf 91' lang='lat' dir='ltr'>neque</span> <span class='ocrx_word' id='word_1_200' title='bbox 395 2633 450 2697; x_wconf 88' lang='lat' dir='ltr'>ille</span> <span class='ocrx_word' id='word_1_201' title='bbox 474 2653 570 2716; x_wconf 89' lang='lat' dir='ltr'>super</span> <span class='ocrx_word' id='word_1_202' title='bbox 597 2632 687 2698; x_wconf 91' lang='lat' dir='ltr'>hisce</span> <span class='ocrx_word' id='word_1_203' title='bbox 709 2633 806 2698; x_wconf 89' lang='lat' dir='ltr'>nobis</span> <span class='ocrx_word' id='word_1_204' title='bbox 829 2632 1005 2717; x_wconf 87' lang='lat' dir='ltr'>aliquando</span> <span class='ocrx_word' id='word_1_205' title='bbox 1028 2631 1095 2697; x_wconf 89' lang='lat' dir='ltr'>bel-</span> 
     </span>
     <span class='ocr_line' id='line_1_29' title="bbox 78 2720 1098 2807; baseline 0 -23"><span class='ocrx_word' id='word_1_206' title='bbox 78 2721 145 2786; x_wconf 93' lang='lat' dir='ltr'>lum</span> <span class='ocrx_word' id='word_1_207' title='bbox 173 2721 342 2786; x_wconf 88' lang='lat' dir='ltr'>indixerat.</span> <span class='ocrx_word' id='word_1_208' title='bbox 392 2721 493 2786; x_wconf 81' lang='lat' dir='ltr'>Enim</span> <span class='ocrx_word' id='word_1_209' title='bbox 517 2721 602 2806; x_wconf 92' lang='lat' dir='ltr'>quod</span> <span class='ocrx_word' id='word_1_210' title='bbox 631 2720 945 2807; x_wconf 88' lang='lat' dir='ltr'>ipsi,-quaecunque</span> <span class='ocrx_word' id='word_1_211' title='bbox 975 2720 1098 2786; x_wconf 87' lang='lat' dir='ltr'>Darius</span> 
     </span>
     <span class='ocr_line' id='line_1_30' title="bbox 77 2809 1094 2895; baseline -0.003 -20"><span class='ocrx_word' id='word_1_212' title='bbox 77 2809 267 2893; x_wconf 84' lang='lat' dir='ltr'>possederat</span> <span class='ocrx_word' id='word_1_213' title='bbox 294 2813 327 2873; x_wconf 91' lang='lat' dir='ltr'>et</span> <span class='ocrx_word' id='word_1_214' title='bbox 356 2809 540 2895; x_wconf 88' lang='lat' dir='ltr'>obtinebat,</span> <span class='ocrx_word' id='word_1_215' title='bbox 568 2812 683 2875; x_wconf 92' lang='lat' dir='ltr'>nostra</span> <span class='ocrx_word' id='word_1_216' title='bbox 711 2832 796 2893; x_wconf 90' lang='lat' dir='ltr'>esse,</span> <span class='ocrx_word' id='word_1_217' title='bbox 823 2810 857 2874; x_wconf 91' lang='lat' dir='ltr'>id</span> <span class='ocrx_word' id='word_1_218' title='bbox 886 2812 936 2874; x_wconf 91' lang='lat' dir='ltr'>est</span> <span class='ocrx_word' id='word_1_219' title='bbox 962 2809 1094 2874; x_wconf 89' lang='lat' dir='ltr'>virtutis</span> 
     </span>
     <span class='ocr_line' id='line_1_31' title="bbox 78 2896 1126 2983; baseline 0.001 -21"><span class='ocrx_word' id='word_1_220' title='bbox 78 2898 236 2982; x_wconf 88' lang='lat' dir='ltr'>praemia,</span> <span class='ocrx_word' id='word_1_221' title='bbox 260 2897 507 2983; x_wconf 88' lang='lat' dir='ltr'>arbitraremur,</span> <span class='ocrx_word' id='word_1_222' title='bbox 534 2897 653 2964; x_wconf 87' lang='lat' dir='ltr'>idcirco</span> <span class='ocrx_word' id='word_1_223' title='bbox 677 2899 711 2964; x_wconf 90' lang='lat' dir='ltr'>in</span> <span class='ocrx_word' id='word_1_224' title='bbox 734 2898 815 2963; x_wconf 90' lang='lat' dir='ltr'>baec</span> <span class='ocrx_word' id='word_1_225' title='bbox 837 2897 910 2982; x_wconf 89' lang='lat' dir='ltr'>ipsa</span> <span class='ocrx_word' id='word_1_226' title='bbox 933 2919 983 2961; x_wconf 89' lang='lat' dir='ltr'>me</span> <span class='ocrx_word' id='word_1_227' title='bbox 1006 2896 1092 2962; x_wconf 91' lang='lat' dir='ltr'>mili·</span> <span class='ocrx_word' id='word_1_228' title='bbox 1108 2923 1126 2963; x_wconf 83' lang='lat' dir='ltr'>a</span> 
     </span>
    </p>
   </div>
   <div class='ocr_carea' id='block_1_3' title="bbox 77 3033 1094 3590">
    <p class='ocr_par' dir='ltr' id='par_1_3' title="bbox 77 3033 1094 3590">
     <span class='ocr_line' id='line_1_32' title="bbox 168 3033 1091 3103; baseline -0.004 -12"><span class='ocrx_word' id='word_1_229' title='bbox 168 3037 287 3092; x_wconf 87' lang='lat' dir='ltr'>lhosce</span> <span class='ocrx_word' id='word_1_230' title='bbox 309 3037 340 3092; x_wconf 83' lang='grc' dir='ltr'>Τ.</span> <span class='ocrx_word' id='word_1_231' title='bbox 366 3037 419 3093; x_wconf 91' lang='lat' dir='ltr'>hos</span> <span class='ocrx_word' id='word_1_232' title='bbox 437 3038 470 3093; x_wconf 87' lang='lat' dir='ltr'>P.</span> <span class='ocrx_word' id='word_1_233' title='bbox 514 3037 662 3093; x_wconf 79' lang='lat' dir='ltr'>2tibimet</span> <span class='ocrx_word' id='word_1_234' title='bbox 679 3036 712 3091; x_wconf 91' lang='lat' dir='ltr'>P.</span> <span class='ocrx_word' id='word_1_235' title='bbox 738 3033 792 3089; x_wconf 90' lang='lat' dir='ltr'>tibi</span> <span class='ocrx_word' id='word_1_236' title='bbox 813 3036 844 3089; x_wconf 85' lang='lat' dir='ltr'>T.</span> <span class='ocrx_word' id='word_1_237' title='bbox 882 3042 970 3103; x_wconf 70' lang='lat' dir='ltr'>tego</span> <span class='ocrx_word' id='word_1_238' title='bbox 988 3050 1039 3102; x_wconf 86' lang='lat' dir='ltr'>per</span> <span class='ocrx_word' id='word_1_239' title='bbox 1060 3034 1091 3090; x_wconf 87' lang='grc' dir='ltr'>Τ.</span> 
     </span>
     <span class='ocr_line' id='line_1_33' title="bbox 79 3103 1093 3178; baseline -0.004 -17"><span class='ocrx_word' id='word_1_240' title='bbox 79 3123 175 3178; x_wconf 84' lang='lat' dir='ltr'>expers</span> <span class='ocrx_word' id='word_1_241' title='bbox 194 3109 227 3164; x_wconf 89' lang='lat' dir='ltr'>P.</span> <span class='ocrx_word' id='word_1_242' title='bbox 260 3108 446 3164; x_wconf 85' lang='lat' dir='ltr'>advorsitores</span> <span class='ocrx_word' id='word_1_243' title='bbox 468 3109 498 3162; x_wconf 82' lang='lat' dir='ltr'>T.</span> <span class='ocrx_word' id='word_1_244' title='bbox 561 3113 657 3176; x_wconf 83' lang='lat' dir='ltr'>4post</span> <span class='ocrx_word' id='word_1_245' title='bbox 674 3107 756 3162; x_wconf 70' lang='lat' dir='ltr'>uoto</span> <span class='ocrx_word' id='word_1_246' title='bbox 776 3105 831 3158; x_wconf 80' lang='lat' dir='ltr'>‘uti</span> <span class='ocrx_word' id='word_1_247' title='bbox 848 3103 970 3158; x_wconf 89' lang='lat' dir='ltr'>meeum’</span> <span class='ocrx_word' id='word_1_248' title='bbox 991 3104 1093 3158; x_wconf 76' lang='lat' dir='ltr'>desinit</span> 
     </span>
     <span class='ocr_line' id='line_1_34' title="bbox 77 3174 1094 3249; baseline -0.008 -14"><span class='ocrx_word' id='word_1_249' title='bbox 77 3180 260 3249; x_wconf 55' lang='lat' dir='ltr'>stuprantem</span> <span class='ocrx_word' id='word_1_250' title='bbox 282 3179 452 3235; x_wconf 79' lang='lat' dir='ltr'>Taurinease</span> <span class='ocrx_word' id='word_1_251' title='bbox 470 3198 489 3235; x_wconf 87' lang='lat' dir='ltr'>a</span> <span class='ocrx_word' id='word_1_252' title='bbox 509 3179 591 3234; x_wconf 78' lang='lat' dir='ltr'>Maio</span> <span class='ocrx_word' id='word_1_253' title='bbox 610 3179 729 3245; x_wconf 62' lang='lat' dir='ltr'>editam</span> <span class='ocrx_word' id='word_1_254' title='bbox 750 3176 851 3246; x_wconf 78' lang='lat' dir='ltr'>incipit</span> <span class='ocrx_word' id='word_1_255' title='bbox 874 3175 973 3242; x_wconf 79' lang='lat' dir='ltr'>solium</span> <span class='ocrx_word' id='word_1_256' title='bbox 990 3174 1094 3228; x_wconf 78' lang='lat' dir='ltr'>codicis</span> 
     </span>
     <span class='ocr_line' id='line_1_35' title="bbox 80 3243 1091 3320; baseline -0.007 -16"><span class='ocrx_word' id='word_1_257' title='bbox 80 3250 262 3306; x_wconf 70' lang='lat' dir='ltr'>Tarracinensis</span> <span class='ocrx_word' id='word_1_258' title='bbox 280 3255 332 3317; x_wconf 76' lang='lat'>42,</span> <span class='ocrx_word' id='word_1_259' title='bbox 355 3252 428 3320; x_wconf 78' lang='lat' dir='ltr'>quod</span> <span class='ocrx_word' id='word_1_260' title='bbox 450 3252 509 3320; x_wconf 78' lang='lat' dir='ltr'>ipae</span> <span class='ocrx_word' id='word_1_261' title='bbox 533 3251 592 3319; x_wconf 77' lang='lat' dir='ltr'>lept.</span> <span class='ocrx_word' id='word_1_262' title='bbox 630 3253 647 3302; x_wconf 83' lang='lat'>6</span> <span class='ocrx_word' id='word_1_263' title='bbox 666 3262 814 3316; x_wconf 88' lang='lat' dir='ltr'>aspernere</span> <span class='ocrx_word' id='word_1_264' title='bbox 832 3253 860 3301; x_wconf 71' lang='grc' dir='ltr'>Τ.</span> <span class='ocrx_word' id='word_1_265' title='bbox 888 3259 1038 3313; x_wconf 87' lang='lat' dir='ltr'>aspernare</span> <span class='ocrx_word' id='word_1_266' title='bbox 1056 3243 1091 3300; x_wconf 91' lang='lat' dir='ltr'>P.</span> 
     </span>
     <span class='ocr_line' id='line_1_36' title="bbox 78 3313 1092 3376; baseline -0.006 -2"><span class='ocrx_word' id='word_1_267' title='bbox 78 3321 225 3376; x_wconf 87' lang='lat' dir='ltr'>8abditos</span> <span class='ocrx_word' id='word_1_268' title='bbox 244 3328 272 3375; x_wconf 71' lang='lat' dir='ltr'>r.</span> <span class='ocrx_word' id='word_1_269' title='bbox 324 3326 358 3376; x_wconf 84' lang='lat'>18</span> <span class='ocrx_word' id='word_1_270' title='bbox 376 3321 500 3376; x_wconf 77' lang='lat' dir='ltr'>officium</span> <span class='ocrx_word' id='word_1_271' title='bbox 520 3337 571 3376; x_wconf 85' lang='lat' dir='ltr'>om.</span> <span class='ocrx_word' id='word_1_272' title='bbox 590 3319 624 3375; x_wconf 90' lang='lat' dir='ltr'>P.</span> <span class='ocrx_word' id='word_1_273' title='bbox 674 3325 707 3374; x_wconf 81' lang='lat'>21</span> <span class='ocrx_word' id='word_1_274' title='bbox 727 3318 885 3372; x_wconf 82' lang='lat' dir='ltr'>mercedem</span> <span class='ocrx_word' id='word_1_275' title='bbox 903 3323 931 3371; x_wconf 74' lang='lat' dir='ltr'>r.</span> <span class='ocrx_word' id='word_1_276' title='bbox 982 3318 1017 3366; x_wconf 78' lang='lat'>26</span> <span class='ocrx_word' id='word_1_277' title='bbox 1036 3313 1092 3368; x_wconf 87' lang='lat' dir='ltr'>lar·</span> 
     </span>
     <span class='ocr_line' id='line_1_37' title="bbox 78 3385 1093 3463; baseline -0.008 -16"><span class='ocrx_word' id='word_1_278' title='bbox 78 3391 170 3459; x_wconf 82' lang='lat' dir='ltr'>gietur</span> <span class='ocrx_word' id='word_1_279' title='bbox 183 3400 211 3447; x_wconf 71' lang='grc' dir='ltr'>Τ.</span> <span class='ocrx_word' id='word_1_280' title='bbox 230 3391 350 3463; x_wconf 82' lang='lat' dir='ltr'>largitur</span> <span class='ocrx_word' id='word_1_281' title='bbox 363 3394 396 3448; x_wconf 95' lang='lat' dir='ltr'>P.</span> <span class='ocrx_word' id='word_1_282' title='bbox 425 3409 484 3449; x_wconf 89' lang='lat' dir='ltr'>esse</span> <span class='ocrx_word' id='word_1_283' title='bbox 503 3407 554 3448; x_wconf 82' lang='lat' dir='ltr'>om.</span> <span class='ocrx_word' id='word_1_284' title='bbox 569 3391 603 3446; x_wconf 91' lang='lat' dir='ltr'>P.</span> <span class='ocrx_word' id='word_1_285' title='bbox 658 3396 693 3445; x_wconf 66' lang='grc' dir='ltr'>Ἡ</span> <span class='ocrx_word' id='word_1_286' title='bbox 711 3388 756 3444; x_wconf 90' lang='lat' dir='ltr'>his</span> <span class='ocrx_word' id='word_1_287' title='bbox 771 3388 803 3444; x_wconf 92' lang='lat' dir='ltr'>P.</span> <span class='ocrx_word' id='word_1_288' title='bbox 857 3392 891 3442; x_wconf 78' lang='lat'>28</span> <span class='ocrx_word' id='word_1_289' title='bbox 910 3385 1052 3442; x_wconf 88' lang='lat' dir='ltr'>indixerat</span> <span class='ocrx_word' id='word_1_290' title='bbox 1064 3390 1093 3440; x_wconf 66' lang='grc' dir='ltr'>τ.</span> 
     </span>
     <span class='ocr_line' id='line_1_38' title="bbox 77 3457 1092 3520; baseline -0.003 -5"><span class='ocrx_word' id='word_1_291' title='bbox 77 3462 226 3519; x_wconf 87' lang='lat' dir='ltr'>induxerat</span> <span class='ocrx_word' id='word_1_292' title='bbox 241 3464 275 3520; x_wconf 87' lang='lat' dir='ltr'>P.</span> <span class='ocrx_word' id='word_1_293' title='bbox 317 3469 351 3519; x_wconf 76' lang='lat'>29</span> <span class='ocrx_word' id='word_1_294' title='bbox 371 3466 400 3518; x_wconf 90' lang='lat' dir='ltr'>et</span> <span class='ocrx_word' id='word_1_295' title='bbox 418 3480 468 3520; x_wconf 89' lang='lat' dir='ltr'>om.</span> <span class='ocrx_word' id='word_1_296' title='bbox 482 3470 510 3518; x_wconf 72' lang='lat' dir='ltr'>r.</span> <span class='ocrx_word' id='word_1_297' title='bbox 538 3462 652 3518; x_wconf 81' lang='lat' dir='ltr'>virtutis</span> <span class='ocrx_word' id='word_1_298' title='bbox 664 3466 692 3516; x_wconf 67' lang='lat' dir='ltr'>r.</span> <span class='ocrx_word' id='word_1_299' title='bbox 715 3457 816 3516; x_wconf 87' lang='lat' dir='ltr'>virtuti</span> <span class='ocrx_word' id='word_1_300' title='bbox 830 3460 863 3515; x_wconf 91' lang='lat' dir='ltr'>P.</span> <span class='ocrx_word' id='word_1_301' title='bbox 905 3463 940 3514; x_wconf 84' lang='lat'>30</span> <span class='ocrx_word' id='word_1_302' title='bbox 958 3471 1003 3510; x_wconf 90' lang='lat' dir='ltr'>me</span> <span class='ocrx_word' id='word_1_303' title='bbox 1023 3472 1092 3514; x_wconf 83' lang='lat' dir='ltr'>corr.</span> 
     </span>
     <span class='ocr_line' id='line_1_39' title="bbox 78 3535 301 3590; baseline 0.009 -2"><span class='ocrx_word' id='word_1_304' title='bbox 78 3535 301 3590; x_wconf 65' lang='lat' dir='ltr'>mmmmP</span> 
     </span>
    </p>
   </div>
   <div class='ocr_carea' id='block_1_4' title="bbox 894 3618 932 3676">
    <p class='ocr_par' dir='ltr' id='par_1_4' title="bbox 894 3618 932 3676">
     <span class='ocr_line' id='line_1_40' title="bbox 894 3618 932 3676; baseline 0 -23"><span class='ocrx_word' id='word_1_305' title='bbox 894 3618 932 3676; x_wconf 68' lang='lat'>7*</span> 
     </span>
    </p>
   </div>
   <div class='ocr_carea' id='block_1_5' title="bbox 0 0 1186 3938">
    <p class='ocr_par' dir='ltr' id='par_1_5' title="bbox 0 0 1186 3938">
     <span class='ocr_line' id='line_1_41' title="bbox 0 0 1186 3938; baseline 0 0"><span class='ocrx_word' id='word_1_306' title='bbox 0 0 1186 3938; x_wconf 95' lang='lat' dir='ltr'> </span> 
     </span>
    </p>
   </div>
  </div>
 </body>
</html>
