2362 3938
414 177 531 234 ORTUS
549 177 773 234 nuuxANDru.
1055 179 1100 245 33

74 343 126 409 Ad
154 343 243 406 haec
276 341 392 405 doctus
419 340 603 405 Alexander
631 341 692 406 tali
720 363 877 426 responso
908 343 997 407 omni
1027 342 1098 407 dili-

77 432 192 518 gentia
216 429 412 509 rimabatur,
435 449 532 511 quam
551 429 714 495 Proteiam
737 430 879 494 insulam
903 430 979 494 deus
1000 431 1099 497 vellet

79 519 199 604 quidve
215 518 269 582 illi
283 515 425 581 numinis
439 517 646 601 praesideret.
677 517 766 594 Quae
781 519 971 584 etiamtunc
988 519 1098 586 animo
1117 531 1163 582 19.

79 611 237 674 volutans
261 605 402 691 peractis
429 606 492 669 rite
519 606 685 671 sacrificiis
709 606 850 671 indidem
873 607 1100 691 proficiscitur.

80 696 186 761 Multo
198 695 339 777 denique
354 693 481 758 itineris
492 696 661 760 exanclato
677 693 762 779 apud
772 696 877 761 vicum
888 696 1022 759 Astrata
1036 695 1098 760 fes·
1113 717 1127 758 s

83 809 152 850 sum
168 782 400 849 commilitium
415 782 535 847 refecit.
558 783 633 866 lpse
648 788 758 848 autem
772 805 829 849 rex
843 806 916 849 cum
930 782 1015 848 forte
1048 789 1146 845 XXXI.

83 876 115 938 in
133 895 231 959 agr0,
249 877 288 936 ut
308 870 442 954 adsolet,
463 873 666 956 spatiaretur,
688 894 815 937 cervam
836 873 974 937 intuitus
992 875 1067 955 past
1092 873 1098 885 '

86 965 280 1045 occupatam
303 981 404 1024 unum
427 982 466 1024 ex
488 960 554 1044 his,
579 960 635 1043 qui
658 960 859 1025 destinandis
883 961 1013 1046 sagittis
1037 962 1100 1027 sol·

86 1051 200 1117 lertior
227 1049 425 1131 habebatur,
455 1047 589 1113 iaculari
620 1049 758 1114 bestiam
786 1048 885 1117 iubet.
936 1048 998 1125 Qui
1026 1071 1101 1115 cum

88 1163 151 1204 rem
181 1160 250 1202 non
279 1159 318 1201 ex
346 1136 497 1220 opinione
524 1137 746 1221 praeiudicata
775 1137 906 1203 fecisset
935 1137 1101 1223 leviusque
1116 1160 1143 1202 rc

87 1229 187 1293 ictum
218 1225 341 1290 animal
369 1225 540 1309 evasisset,
570 1225 766 1290 exclamasse
790 1226 973 1292 Alexander
1000 1227 1103 1293 fertur

89 1316 212 1381 Graeco
243 1315 366 1378 scilieet
393 1314 507 1398 verbo,
535 1315 621 1398 quod
648 1315 815 1380 remissior
842 1337 934 1381 arcus
962 1316 1102 1381 intentio

90 1407 248 1489 sagittam
263 1402 458 1468 imbecillius
473 1404 643 1488 exegisset,
662 1425 742 1486 para
761 1406 865 1469 tonon
879 1404 965 1469 istud
979 1403 1102 1469 factum

91 1495 198 1558 videri.
241 1491 293 1556 Ex
313 1512 414 1575 eoque
434 1491 555 1556 dictum
574 1491 798 1577 Paratonium3
823 1493 921 1557 etiam
944 1497 1020 1576 post
1040 1493 1104 1556 fre-

92 1583 265 1668 quentatae
289 1580 362 1645 urbi
385 1601 503 1646 nornen
526 1580 610 1644 idern
635 1579 756 1645 datum.
1118 1602 1144 1644 15

179 1668 240 1735 24.
270 1668 357 1733 Hinc
383 1691 480 1752 porro
509 1669 549 1733 ad
577 1668 698 1751 locum,
726 1668 781 1753 qui
809 1669 908 1752 vulgo
936 1666 1101 1751 Taposiris
1120 1681 1169 1733 20.

92 1761 267 1842 diceretur,
295 1757 430 1841 adpulit.
476 1758 644 1841 Inquirens
673 1762 784 1822 tamen
806 1755 949 1820 nominis
973 1778 1104 1821 causam

93 1849 209 1931 accipit
243 1847 285 1912 ab
317 1845 479 1930 indigenis
512 1847 716 1931 sepulchrum
748 1843 893 1909 Osiridos
926 1843 992 1911 illic
1025 1866 1106 1927 esse,

93 1937 177 2021 quod
214 1958 234 1999 a
267 1935 369 2000 veteri
403 1937 637 2018 compositione
672 1936 861 2017 corruptum
893 1931 1104 2015 Taposiridus

93 2027 196 2090 dictus
227 2029 319 2088 esset.
370 2022 531 2107 Operatus
559 2025 661 2108 igitur
686 2022 790 2086 illicce
818 2022 877 2086 deo
908 2021 948 2085 ad
978 2020 1012 2085 id
1042 2019 1105 2086 loci
1119 2045 1146 2086 sc

92 2114 222 2196 transit,
236 2134 333 2196 quem
345 2116 514 2177 extensum
524 2113 653 2197 quidem
663 2111 775 2196 magni
790 2113 822 2175 et
836 2109 945 2174 uberis
956 2109 1105 2195 aequoris

93 2201 333 2287 pulchritudine
344 2201 488 2283 miratur,
498 2200 703 2285 frequentem
711 2203 821 2264 tamen
831 2199 1107 2265 commanentium

94 2289 338 2357 conventiculis.
382 2287 528 2355 Sedecim
552 2290 668 2373 quippe
693 2292 725 2353 et
748 2288 851 2352 instar
874 2288 1004 2353 urbium
1026 2288 1107 2354 vicis

95 2381 253 2444 decoriter
273 2378 446 2441 admodum
466 2378 630 2443 distinctis
650 2381 747 2461 atque
761 2377 927 2461 dispositis
947 2377 1108 2461 consistit,

95 2490 233 2553 qnorum
254 2466 471 2548 magnitudini
488 2467 611 2550 pariter
634 2470 666 2530 et
688 2466 924 2550 pulchritudini
946 2467 1051 2532 honor
1075 2469 1148 2535 etas

95 2580 170 2622 cura
190 2555 405 2621 deferebatur.
447 2555 508 2620 His
531 2554 671 2619 sedecim
690 2554 859 2620 sessibulis
877 2555 1012 2619 flumina
1031 2576 1110 2638 quo·

95 2669 153 2730 que
183 2643 354 2708 duodecim
381 2643 631 2722 intererrabant,
659 2643 782 2725 pariter
810 2644 919 2709 omnia
941 2643 1111 2728 vergentia

94 2735 208 2799 iuxtim
229 2733 262 2796 in
278 2753 377 2815 marc,
396 2732 491 2797 sicuti
505 2753 590 2797 nunc
610 2730 707 2796 etiam
728 2731 768 2796 sd
784 2732 976 2797 memoriam
990 2732 1109 2797 veteris

95 2821 320 2887 insulcationis
350 2821 445 2884 datur
467 2821 580 2886 visere.
627 2818 752 2904 Quippe
776 2823 925 2907 quamvis
953 2824 1110 2904 congestu

95 2917 209 2994 postea
235 2911 300 2974 sint
326 2909 366 2973 ad
389 2909 538 2992 aequoris
562 2909 645 2973 uniti
667 2907 782 2973 faciem
808 2913 997 2993 exaequata,
1021 2909 1108 2992 quis·
1122 2934 1149 2975 so

183 3127 201 3174 4
230 3121 363 3175 volutans
393 3119 467 3174 Mai.
508 3119 639 3173 voluntas
667 3119 701 3172 A.
745 3117 931 3186 proficiscitur
958 3114 1047 3168 multo
1075 3115 1110 3167 A.

96 3191 237 3260 proficisci
256 3189 345 3260 igitur
362 3196 390 3244 1.
437 3195 453 3244 6
472 3188 533 3259 ipse
551 3196 578 3243 1.
604 3189 646 3244 ibi
664 3191 700 3243 A.
745 3195 760 3244 1
779 3186 874 3256 pastui
892 3192 919 3240 1.
944 3184 1056 3254 pascuis
1076 3187 1112 3238 A.

97 3269 111 3316 9
130 3262 304 3317 iacularibus
324 3267 338 3314 e
357 3259 415 3314 iam
433 3261 512 3316 iubet
530 3267 558 3313 1.
632 3266 665 3315 10
683 3278 743 3315 rem
762 3274 812 3313 cm.
831 3255 866 3309 A.
941 3261 972 3308 11
991 3253 1113 3310 Alexan·

97 3335 177 3387 drum
195 3334 333 3387 sertorem
352 3338 379 3385 ’1.
439 3337 471 3385 12
491 3329 619 3386 remissio
639 3329 712 3386 arcis
730 3336 758 3384 1.
791 3343 872 3380 arcus
892 3328 921 3382 et
938 3326 1057 3380 intentio
1076 3325 1113 3380 A.
1177 3382 1180 3393 ,

100 3410 130 3458 14
149 3405 260 3459 dictum
280 3402 316 3456 A.
343 3419 392 3456 osa.
411 3409 439 3455 1.
515 3407 547 3457 15
565 3401 642 3456 idem
660 3401 767 3469 scripsi.
792 3396 899 3450 ibidem
918 3397 953 3453 A.

187 3475 238 3530 24.
268 3478 302 3528 25
320 3473 427 3542 pariter
446 3476 475 3528 et
492 3469 696 3543 pulchritudini
714 3487 764 3525 om.
783 3467 819 3522 A.
864 3521 866 3525 ,
916 3473 950 3524 16
969 3465 1115 3523 sessibulis

97 3548 205 3615 scripsi.
236 3543 418 3598 desessilibus
438 3546 474 3598 A.
501 3545 533 3599 in
551 3551 579 3598 1.
597 3544 641 3598 nil
659 3542 712 3612 lapi
727 3544 822 3611 potest.

150 3646 240 3686 lomus
255 3644 389 3685 vinarius.
939 3635 955 3683 3
