<?xml version="1.0" encoding="UTF-8"?>
<!DOCTYPE html PUBLIC "-//W3C//DTD XHTML 1.0 Transitional//EN"
    "http://www.w3.org/TR/xhtml1/DTD/xhtml1-transitional.dtd">
<html xmlns="http://www.w3.org/1999/xhtml" xml:lang="en" lang="en">
 <head>
  <title>
</title>
<meta http-equiv="Content-Type" content="text/html;charset=utf-8" />
  <meta name='ocr-system' content='tesseract 3.04.00' />
  <meta name='ocr-capabilities' content='ocr_page ocr_carea ocr_par ocr_line ocrx_word'/>
</head>
<body>
  <div class='ocr_page' id='page_1' title='image "./domitiivlpianiq00huscgoog/domitiivlpianiq00huscgoog_0459.png"; bbox 0 0 2362 3938; ppageno 0'>
   <div class='ocr_carea' id='block_1_1' title="bbox 127 134 837 241">
    <p class='ocr_par' dir='ltr' id='par_1_1' title="bbox 127 134 837 241">
     <span class='ocr_line' id='line_1_1' title="bbox 127 134 837 241; baseline -0.003 -17"><span class='ocrx_word' id='word_1_1' title='bbox 127 171 168 241; x_wconf 81' lang='lat'><strong>16</strong></span> <span class='ocrx_word' id='word_1_2' title='bbox 467 169 496 223; x_wconf 91' lang='grc'><strong>5.</strong></span> <span class='ocrx_word' id='word_1_3' title='bbox 515 169 652 223; x_wconf 79' lang='lat' dir='ltr'><strong>vanum</strong></span> <span class='ocrx_word' id='word_1_4' title='bbox 669 167 797 223; x_wconf 79' lang='lat' dir='ltr'><strong>runem</strong></span> <span class='ocrx_word' id='word_1_5' title='bbox 835 134 837 139; x_wconf 66' lang='grc'><strong>’</strong></span> 
     </span>
    </p>
   </div>
   <div class='ocr_carea' id='block_1_2' title="bbox 119 316 1141 3580">
    <p class='ocr_par' dir='ltr' id='par_1_2' title="bbox 120 316 1141 2872">
     <span class='ocr_line' id='line_1_2' title="bbox 123 316 1141 401; baseline -0.005 -17"><span class='ocrx_word' id='word_1_6' title='bbox 123 322 199 385; x_wconf 86' lang='lat' dir='ltr'><strong>hauc</strong></span> <span class='ocrx_word' id='word_1_7' title='bbox 223 319 326 401; x_wconf 71' lang='lat' dir='ltr'><strong>pelago</strong></span> <span class='ocrx_word' id='word_1_8' title='bbox 348 320 457 381; x_wconf 81' lang='lat' dir='ltr'><strong>misere</strong></span> <span class='ocrx_word' id='word_1_9' title='bbox 481 336 608 379; x_wconf 86' lang='lat' dir='ltr'><strong>manruu.</strong></span> <span class='ocrx_word' id='word_1_10' title='bbox 655 319 703 377; x_wconf 91' lang='lat' dir='ltr'><strong>uia</strong></span> <span class='ocrx_word' id='word_1_11' title='bbox 726 317 802 377; x_wconf 91' lang='lat' dir='ltr'><strong>facta</strong></span> <span class='ocrx_word' id='word_1_12' title='bbox 824 334 878 395; x_wconf 86' lang='lat' dir='ltr'><strong>per</strong></span> <span class='ocrx_word' id='word_1_13' title='bbox 901 316 998 378; x_wconf 88' lang='lat' dir='ltr'><strong>undas</strong></span> <span class='ocrx_word' id='word_1_14' title='bbox 1091 329 1141 379; x_wconf 84' lang='grc'><strong>545</strong></span> 
     </span>
     <span class='ocr_line' id='line_1_3' title="bbox 124 405 1006 493; baseline -0.005 -23"><span class='ocrx_word' id='word_1_15' title='bbox 124 429 238 493; x_wconf 70' lang='lat' dir='ltr'><strong>perque</strong></span> <span class='ocrx_word' id='word_1_16' title='bbox 262 408 388 488; x_wconf 87' lang='lat' dir='ltr'><strong>hiemes,</strong></span> <span class='ocrx_word' id='word_1_17' title='bbox 410 405 544 487; x_wconf 77' lang='lat' dir='ltr'><strong>Bellona,</strong></span> <span class='ocrx_word' id='word_1_18' title='bbox 567 405 629 466; x_wconf 90' lang='lat' dir='ltr'><strong>tibi.</strong></span> <span class='ocrx_word' id='word_1_19' title='bbox 674 424 730 466; x_wconf 91' lang='lat' dir='ltr'><strong>nec</strong></span> <span class='ocrx_word' id='word_1_20' title='bbox 754 405 865 466; x_wconf 81' lang='lat' dir='ltr'><strong>rrellera</strong></span> <span class='ocrx_word' id='word_1_21' title='bbox 888 413 1006 467; x_wconf 89' lang='lat' dir='ltr'><strong>tantum</strong></span> 
     </span>
     <span class='ocr_line' id='line_1_4' title="bbox 124 495 952 577; baseline -0.011 -14"><span class='ocrx_word' id='word_1_22' title='bbox 124 499 304 577; x_wconf 78' lang='lat' dir='ltr'><strong>indignanda</strong></span> <span class='ocrx_word' id='word_1_23' title='bbox 326 504 446 559; x_wconf 81' lang='lat' dir='ltr'><strong>rrrarrent</strong></span> <span class='ocrx_word' id='word_1_24' title='bbox 468 497 649 575; x_wconf 82' lang='lat' dir='ltr'><strong>propiorque</strong></span> <span class='ocrx_word' id='word_1_25' title='bbox 669 512 704 554; x_wconf 84' lang='lat' dir='ltr'><strong>ex</strong></span> <span class='ocrx_word' id='word_1_26' title='bbox 728 495 844 572; x_wconf 86' lang='lat' dir='ltr'><strong>uirgine</strong></span> <span class='ocrx_word' id='word_1_27' title='bbox 869 501 952 574; x_wconf 91' lang='lat' dir='ltr'><strong>rapta</strong></span> 
     </span>
     <span class='ocr_line' id='line_1_5' title="bbox 125 578 892 666; baseline -0.013 -14"><span class='ocrx_word' id='word_1_28' title='bbox 125 588 174 652; x_wconf 82' lang='grc'><strong>1115</strong></span> <span class='ocrx_word' id='word_1_29' title='bbox 198 587 296 657; x_wconf 76' lang='lat' dir='ltr'><strong>tlolor,</strong></span> <span class='ocrx_word' id='word_1_30' title='bbox 319 586 371 647; x_wconf 78' lang='lat' dir='ltr'><strong>sed</strong></span> <span class='ocrx_word' id='word_1_31' title='bbox 395 578 490 666; x_wconf 86' lang='lat' dir='ltr'><strong>(uuila</strong></span> <span class='ocrx_word' id='word_1_32' title='bbox 513 585 607 662; x_wconf 87' lang='lat' dir='ltr'><strong>magis</strong></span> <span class='ocrx_word' id='word_1_33' title='bbox 629 584 777 643; x_wconf 90' lang='lat' dir='ltr'><strong>sententia</strong></span> <span class='ocrx_word' id='word_1_34' title='bbox 799 584 892 643; x_wconf 88' lang='lat' dir='ltr'><strong>menti</strong></span> 
     </span>
     <span class='ocr_line' id='line_1_6' title="bbox 127 664 928 754; baseline -0.009 -15"><span class='ocrx_word' id='word_1_35' title='bbox 127 680 182 739; x_wconf 76' lang='lat' dir='ltr'><strong>lira</strong></span> <span class='ocrx_word' id='word_1_36' title='bbox 207 664 305 754; x_wconf 73' lang='grc'><strong>555551</strong></span> <span class='ocrx_word' id='word_1_37' title='bbox 328 676 430 736; x_wconf 81' lang='lat' dir='ltr'><strong>rrertiet</strong></span> <span class='ocrx_word' id='word_1_38' title='bbox 452 672 580 751; x_wconf 70' lang='lat' dir='ltr'><strong>Phrygia</strong></span> <span class='ocrx_word' id='word_1_39' title='bbox 603 674 661 732; x_wconf 91' lang='lat' dir='ltr'><strong>iam</strong></span> <span class='ocrx_word' id='word_1_40' title='bbox 683 679 786 750; x_wconf 81' lang='lat' dir='ltr'><strong>pastor</strong></span> <span class='ocrx_word' id='word_1_41' title='bbox 809 670 845 731; x_wconf 87' lang='lat' dir='ltr'><strong>ab</strong></span> <span class='ocrx_word' id='word_1_42' title='bbox 868 669 928 752; x_wconf 85' lang='lat' dir='ltr'><strong>ida,</strong></span> 
     </span>
     <span class='ocr_line' id='line_1_7' title="bbox 125 758 1141 848; baseline -0.008 -19"><span class='ocrx_word' id='word_1_43' title='bbox 125 769 177 848; x_wconf 85' lang='lat' dir='ltr'><strong>qul</strong></span> <span class='ocrx_word' id='word_1_44' title='bbox 201 766 329 847; x_wconf 74' lang='lat' dir='ltr'><strong>grurdtus</strong></span> <span class='ocrx_word' id='word_1_45' title='bbox 353 765 471 842; x_wconf 84' lang='lat' dir='ltr'><strong>irasque</strong></span> <span class='ocrx_word' id='word_1_46' title='bbox 493 780 582 840; x_wconf 87' lang='lat' dir='ltr'><strong>pares</strong></span> <span class='ocrx_word' id='word_1_47' title='bbox 605 768 635 821; x_wconf 91' lang='lat' dir='ltr'><strong>et</strong></span> <span class='ocrx_word' id='word_1_48' title='bbox 657 768 760 821; x_wconf 90' lang='lat' dir='ltr'><strong>mutua</strong></span> <span class='ocrx_word' id='word_1_49' title='bbox 783 758 868 820; x_wconf 87' lang='lat' dir='ltr'><strong>Grais</strong></span> <span class='ocrx_word' id='word_1_50' title='bbox 1092 772 1141 822; x_wconf 90' lang='grc'><strong>555</strong></span> 
     </span>
     <span class='ocr_line' id='line_1_8' title="bbox 125 849 993 931; baseline -0.012 -14"><span class='ocrx_word' id='word_1_51' title='bbox 125 855 230 918; x_wconf 66' lang='lat' dir='ltr'><strong>«latrina</strong></span> <span class='ocrx_word' id='word_1_52' title='bbox 255 854 340 915; x_wconf 80' lang='grc'><strong>15551,</strong></span> <span class='ocrx_word' id='word_1_53' title='bbox 385 870 443 931; x_wconf 84' lang='lat' dir='ltr'><strong>qua</strong></span> <span class='ocrx_word' id='word_1_54' title='bbox 467 849 560 911; x_wconf 80' lang='lat' dir='ltr'><strong>classe</strong></span> <span class='ocrx_word' id='word_1_55' title='bbox 584 849 691 909; x_wconf 90' lang='lat' dir='ltr'><strong>dehinc</strong></span> <span class='ocrx_word' id='word_1_56' title='bbox 715 849 808 910; x_wconf 86' lang='lat' dir='ltr'><strong>effusa</strong></span> <span class='ocrx_word' id='word_1_57' title='bbox 830 866 993 927; x_wconf 89' lang='lat' dir='ltr'><strong>procorum</strong></span> 
     </span>
     <span class='ocr_line' id='line_1_9' title="bbox 126 935 955 1021; baseline -0.011 -14"><span class='ocrx_word' id='word_1_58' title='bbox 126 941 214 1007; x_wconf 73' lang='lat' dir='ltr'><strong>tulta!</strong></span> <span class='ocrx_word' id='word_1_59' title='bbox 238 940 365 1021; x_wconf 73' lang='grc'><strong>5551551</strong></span> <span class='ocrx_word' id='word_1_60' title='bbox 388 938 508 1000; x_wconf 86' lang='lat' dir='ltr'><strong>Troiam</strong></span> <span class='ocrx_word' id='word_1_61' title='bbox 531 938 638 999; x_wconf 83' lang='lat' dir='ltr'><strong>flentes</strong></span> <span class='ocrx_word' id='word_1_62' title='bbox 660 937 784 997; x_wconf 89' lang='lat' dir='ltr'><strong>hiberna</strong></span> <span class='ocrx_word' id='word_1_63' title='bbox 806 935 955 1016; x_wconf 77' lang='lat' dir='ltr'>Mycenas!</span> 
     </span>
     <span class='ocr_line' id='line_1_10' title="bbox 125 1024 1017 1111; baseline -0.008 -18"><span class='ocrx_word' id='word_1_64' title='bbox 125 1040 196 1111; x_wconf 84' lang='lat' dir='ltr'><strong>quot</strong></span> <span class='ocrx_word' id='word_1_65' title='bbox 221 1047 363 1109; x_wconf 70' lang='lat' dir='ltr'><strong>putemus</strong></span> <span class='ocrx_word' id='word_1_66' title='bbox 386 1038 530 1105; x_wconf 84' lang='lat' dir='ltr'><strong>natosque</strong></span> <span class='ocrx_word' id='word_1_67' title='bbox 554 1027 656 1106; x_wconf 80' lang='lat' dir='ltr'><strong>dermr,</strong></span> <span class='ocrx_word' id='word_1_68' title='bbox 679 1044 754 1105; x_wconf 91' lang='lat' dir='ltr'><strong>quae</strong></span> <span class='ocrx_word' id='word_1_69' title='bbox 778 1024 886 1085; x_wconf 87' lang='lat' dir='ltr'><strong>robora</strong></span> <span class='ocrx_word' id='word_1_70' title='bbox 909 1042 1017 1086; x_wconf 89' lang='lat' dir='ltr'><strong>cernes</strong></span> 
     </span>
     <span class='ocr_line' id='line_1_11' title="bbox 124 1111 889 1199; baseline -0.007 -20"><span class='ocrx_word' id='word_1_71' title='bbox 124 1127 281 1199; x_wconf 78' lang='lat' dir='ltr'><strong>oppetere,</strong></span> <span class='ocrx_word' id='word_1_72' title='bbox 305 1127 338 1176; x_wconf 92' lang='lat' dir='ltr'><strong>ut</strong></span> <span class='ocrx_word' id='word_1_73' title='bbox 360 1117 475 1193; x_wconf 84' lang='lat' dir='ltr'><strong>magnis</strong></span> <span class='ocrx_word' id='word_1_74' title='bbox 498 1117 597 1174; x_wconf 75' lang='lat' dir='ltr'><strong>Asiam</strong></span> <span class='ocrx_word' id='word_1_75' title='bbox 620 1115 784 1175; x_wconf 80' lang='lat' dir='ltr'><strong>concedere</strong></span> <span class='ocrx_word' id='word_1_76' title='bbox 808 1111 889 1174; x_wconf 88' lang='lat' dir='ltr'><strong>fatis!</strong></span> 
     </span>
     <span class='ocr_line' id='line_1_12' title="bbox 125 1201 1139 1282; baseline -0.001 -17"><span class='ocrx_word' id='word_1_77' title='bbox 125 1206 193 1265; x_wconf 76' lang='lat' dir='ltr'><strong>ltine</strong></span> <span class='ocrx_word' id='word_1_78' title='bbox 218 1205 350 1264; x_wconf 78' lang='lat' dir='ltr'><strong>liarraum</strong></span> <span class='ocrx_word' id='word_1_79' title='bbox 373 1203 409 1260; x_wconf 92' lang='lat' dir='ltr'><strong>de</strong></span> <span class='ocrx_word' id='word_1_80' title='bbox 433 1203 491 1261; x_wconf 84' lang='lat' dir='ltr'><strong>frne</strong></span> <span class='ocrx_word' id='word_1_81' title='bbox 516 1203 600 1262; x_wconf 89' lang='lat' dir='ltr'><strong>sedet</strong></span> <span class='ocrx_word' id='word_1_82' title='bbox 623 1211 787 1282; x_wconf 80' lang='lat' dir='ltr'><strong>gentesque</strong></span> <span class='ocrx_word' id='word_1_83' title='bbox 810 1201 919 1262; x_wconf 92' lang='lat' dir='ltr'><strong>fouebo</strong></span> <span class='ocrx_word' id='word_1_84' title='bbox 1090 1215 1139 1264; x_wconf 84' lang='grc'><strong>555</strong></span> 
     </span>
     <span class='ocr_line' id='line_1_13' title="bbox 124 1291 940 1370; baseline -0.004 -16"><span class='ocrx_word' id='word_1_85' title='bbox 124 1312 192 1354; x_wconf 78' lang='lat' dir='ltr'><strong>mm</strong></span> <span class='ocrx_word' id='word_1_86' title='bbox 216 1292 295 1350; x_wconf 89' lang='lat' dir='ltr'><strong>alias.</strong></span> <span class='ocrx_word' id='word_1_87' title='bbox 341 1297 461 1368; x_wconf 88' lang='lat' dir='ltr'><strong>pateant</strong></span> <span class='ocrx_word' id='word_1_88' title='bbox 482 1297 600 1350; x_wconf 88' lang='lat' dir='ltr'><strong>montes</strong></span> <span class='ocrx_word' id='word_1_89' title='bbox 624 1291 776 1370; x_wconf 90' lang='lat' dir='ltr'><strong>siluaeque</strong></span> <span class='ocrx_word' id='word_1_90' title='bbox 799 1291 940 1370; x_wconf 89' lang='lat' dir='ltr'><strong>lacusque</strong></span> 
     </span>
     <span class='ocr_line' id='line_1_14' title="bbox 124 1377 1084 1458; baseline 0 -18"><span class='ocrx_word' id='word_1_91' title='bbox 124 1388 289 1456; x_wconf 88' lang='lat' dir='ltr'><strong>cunctaque</strong></span> <span class='ocrx_word' id='word_1_92' title='bbox 309 1377 438 1438; x_wconf 88' lang='lat' dir='ltr'><strong>claustra</strong></span> <span class='ocrx_word' id='word_1_93' title='bbox 460 1381 564 1458; x_wconf 77' lang='lat' dir='ltr'><strong>maris3</strong></span> <span class='ocrx_word' id='word_1_94' title='bbox 588 1397 656 1458; x_wconf 92' lang='lat' dir='ltr'><strong>spes</strong></span> <span class='ocrx_word' id='word_1_95' title='bbox 680 1389 710 1439; x_wconf 91' lang='lat' dir='ltr'><strong>et</strong></span> <span class='ocrx_word' id='word_1_96' title='bbox 733 1388 831 1440; x_wconf 70' lang='lat' dir='ltr'><strong>noetus</strong></span> <span class='ocrx_word' id='word_1_97' title='bbox 854 1379 994 1441; x_wconf 89' lang='lat' dir='ltr'><strong>omnihus</strong></span> <span class='ocrx_word' id='word_1_98' title='bbox 1018 1388 1084 1442; x_wconf 91' lang='lat' dir='ltr'><strong>esto</strong></span> 
     </span>
     <span class='ocr_line' id='line_1_15' title="bbox 123 1466 969 1545; baseline -0.001 -17"><span class='ocrx_word' id='word_1_99' title='bbox 123 1467 242 1528; x_wconf 85' lang='lat' dir='ltr'><strong>arbiter.</strong></span> <span class='ocrx_word' id='word_1_100' title='bbox 288 1469 352 1545; x_wconf 93' lang='lat' dir='ltr'><strong>ipse</strong></span> <span class='ocrx_word' id='word_1_101' title='bbox 376 1466 457 1526; x_wconf 91' lang='lat' dir='ltr'><strong>locos</strong></span> <span class='ocrx_word' id='word_1_102' title='bbox 481 1474 659 1545; x_wconf 90' lang='lat' dir='ltr'><strong>terrenaque</strong></span> <span class='ocrx_word' id='word_1_103' title='bbox 683 1487 797 1529; x_wconf 89' lang='lat' dir='ltr'><strong>summa</strong></span> <span class='ocrx_word' id='word_1_104' title='bbox 820 1467 969 1528; x_wconf 90' lang='lat' dir='ltr'><strong>mouendo</strong></span> 
     </span>
     <span class='ocr_line' id='line_1_16' title="bbox 123 1555 913 1637; baseline -0.001 -20"><span class='ocrx_word' id='word_1_105' title='bbox 123 1557 272 1637; x_wconf 86' lang='lat' dir='ltr'><strong>experiar,</strong></span> <span class='ocrx_word' id='word_1_106' title='bbox 297 1573 441 1633; x_wconf 83' lang='lat' dir='ltr'><strong>quaenam</strong></span> <span class='ocrx_word' id='word_1_107' title='bbox 464 1555 583 1636; x_wconf 90' lang='lat' dir='ltr'><strong>populis</strong></span> <span class='ocrx_word' id='word_1_108' title='bbox 602 1557 773 1635; x_wconf 90' lang='lat' dir='ltr'><strong>longissima</strong></span> <span class='ocrx_word' id='word_1_109' title='bbox 796 1558 913 1618; x_wconf 90' lang='lat' dir='ltr'><strong>cunctis</strong></span> 
     </span>
     <span class='ocr_line' id='line_1_17' title="bbox 123 1640 1139 1723; baseline 0.003 -18"><span class='ocrx_word' id='word_1_110' title='bbox 123 1663 215 1723; x_wconf 83' lang='lat' dir='ltr'><strong>regna</strong></span> <span class='ocrx_word' id='word_1_111' title='bbox 237 1641 328 1703; x_wconf 80' lang='lat' dir='ltr'><strong>trellrn</strong></span> <span class='ocrx_word' id='word_1_112' title='bbox 351 1642 542 1722; x_wconf 88' lang='lat' dir='ltr'><strong>linquamque</strong></span> <span class='ocrx_word' id='word_1_113' title='bbox 566 1645 648 1706; x_wconf 91' lang='lat' dir='ltr'><strong>datas</strong></span> <span class='ocrx_word' id='word_1_114' title='bbox 671 1644 723 1704; x_wconf 91' lang='lat' dir='ltr'><strong>ubi</strong></span> <span class='ocrx_word' id='word_1_115' title='bbox 747 1653 849 1705; x_wconf 91' lang='lat' dir='ltr'><strong>certus</strong></span> <span class='ocrx_word' id='word_1_116' title='bbox 868 1640 1021 1707; x_wconf 73' lang='lat' dir='ltr'><strong>habenas?</strong></span> <span class='ocrx_word' id='word_1_117' title='bbox 1090 1657 1139 1708; x_wconf 82' lang='grc'><strong>555</strong></span> 
     </span>
     <span class='ocr_line' id='line_1_18' title="bbox 123 1729 890 1811; baseline -0.003 -17"><span class='ocrx_word' id='word_1_118' title='bbox 123 1742 195 1794; x_wconf 84' lang='lat' dir='ltr'><strong>tunc</strong></span> <span class='ocrx_word' id='word_1_119' title='bbox 218 1729 320 1791; x_wconf 85' lang='lat' dir='ltr'><strong>oculos</strong></span> <span class='ocrx_word' id='word_1_120' title='bbox 344 1732 457 1811; x_wconf 80' lang='lat' dir='ltr'><strong>Aegaea</strong></span> <span class='ocrx_word' id='word_1_121' title='bbox 476 1733 570 1793; x_wconf 81' lang='lat' dir='ltr'><strong>refert</strong></span> <span class='ocrx_word' id='word_1_122' title='bbox 593 1734 628 1792; x_wconf 92' lang='lat' dir='ltr'><strong>ad</strong></span> <span class='ocrx_word' id='word_1_123' title='bbox 656 1734 774 1793; x_wconf 91' lang='lat' dir='ltr'><strong>caerula</strong></span> <span class='ocrx_word' id='word_1_124' title='bbox 796 1732 890 1793; x_wconf 91' lang='lat' dir='ltr'><strong>robur</strong></span> 
     </span>
     <span class='ocr_line' id='line_1_19' title="bbox 123 1817 1016 1901; baseline 0.004 -19"><span class='ocrx_word' id='word_1_125' title='bbox 123 1819 304 1882; x_wconf 79' lang='lat' dir='ltr'><strong>herculeum</strong></span> <span class='ocrx_word' id='word_1_126' title='bbox 327 1817 484 1900; x_wconf 82' lang='lat' dir='ltr'><strong>Ledaeque</strong></span> <span class='ocrx_word' id='word_1_127' title='bbox 508 1829 596 1882; x_wconf 89' lang='lat' dir='ltr'><strong>tuens</strong></span> <span class='ocrx_word' id='word_1_128' title='bbox 620 1840 714 1900; x_wconf 88' lang='lat' dir='ltr'><strong>genus</strong></span> <span class='ocrx_word' id='word_1_129' title='bbox 737 1821 833 1901; x_wconf 88' lang='lat' dir='ltr'><strong>adque</strong></span> <span class='ocrx_word' id='word_1_130' title='bbox 857 1825 897 1882; x_wconf 90' lang='lat' dir='ltr'><strong>ita</strong></span> <span class='ocrx_word' id='word_1_131' title='bbox 921 1823 1016 1886; x_wconf 90' lang='lat' dir='ltr'><strong>fatur:</strong></span> 
     </span>
     <span class='ocr_line' id='line_1_20' title="bbox 124 1905 975 1992; baseline -0.001 -21"><span class='ocrx_word' id='word_1_132' title='bbox 124 1905 247 1971; x_wconf 78' lang='lat' dir='ltr'><strong>‘tendite</strong></span> <span class='ocrx_word' id='word_1_133' title='bbox 272 1910 302 1969; x_wconf 93' lang='lat' dir='ltr'><strong>ln</strong></span> <span class='ocrx_word' id='word_1_134' title='bbox 322 1918 415 1992; x_wconf 86' lang='lat' dir='ltr'><strong>astra,</strong></span> <span class='ocrx_word' id='word_1_135' title='bbox 439 1910 511 1971; x_wconf 90' lang='lat' dir='ltr'><strong>uiri:</strong></span> <span class='ocrx_word' id='word_1_136' title='bbox 535 1928 581 1971; x_wconf 88' lang='lat' dir='ltr'><strong>me</strong></span> <span class='ocrx_word' id='word_1_137' title='bbox 605 1913 735 1988; x_wconf 86' lang='lat' dir='ltr'><strong>primurn</strong></span> <span class='ocrx_word' id='word_1_138' title='bbox 758 1912 839 1988; x_wconf 87' lang='lat' dir='ltr'><strong>regia</strong></span> <span class='ocrx_word' id='word_1_139' title='bbox 862 1911 975 1972; x_wconf 89' lang='lat' dir='ltr'><strong>mundo</strong></span> 
     </span>
     <span class='ocr_line' id='line_1_21' title="bbox 123 1996 885 2079; baseline 0 -21"><span class='ocrx_word' id='word_1_140' title='bbox 123 1998 216 2079; x_wconf 88' lang='lat' dir='ltr'><strong>Iapeti</strong></span> <span class='ocrx_word' id='word_1_141' title='bbox 238 2005 307 2078; x_wconf 89' lang='lat' dir='ltr'><strong>post</strong></span> <span class='ocrx_word' id='word_1_142' title='bbox 329 1996 405 2058; x_wconf 90' lang='lat' dir='ltr'><strong>bella</strong></span> <span class='ocrx_word' id='word_1_143' title='bbox 428 2001 522 2059; x_wconf 92' lang='lat' dir='ltr'><strong>trucis</strong></span> <span class='ocrx_word' id='word_1_144' title='bbox 541 1998 744 2078; x_wconf 79' lang='lat' dir='ltr'><strong>Phlegraeque</strong></span> <span class='ocrx_word' id='word_1_145' title='bbox 768 1998 885 2059; x_wconf 89' lang='lat' dir='ltr'><strong>labores</strong></span> 
     </span>
     <span class='ocr_line' id='line_1_22' title="bbox 123 2085 846 2167; baseline -0.001 -19"><span class='ocrx_word' id='word_1_146' title='bbox 123 2089 267 2167; x_wconf 88' lang='lat' dir='ltr'><strong>inposuit:</strong></span> <span class='ocrx_word' id='word_1_147' title='bbox 291 2085 399 2147; x_wconf 89' lang='lat' dir='ltr'><strong>durum</strong></span> <span class='ocrx_word' id='word_1_148' title='bbox 418 2087 504 2148; x_wconf 92' lang='lat' dir='ltr'><strong>uobis</strong></span> <span class='ocrx_word' id='word_1_149' title='bbox 528 2089 635 2147; x_wconf 91' lang='lat' dir='ltr'><strong>iteret</strong></span> <span class='ocrx_word' id='word_1_150' title='bbox 658 2105 748 2166; x_wconf 89' lang='lat' dir='ltr'><strong>graue</strong></span> <span class='ocrx_word' id='word_1_151' title='bbox 773 2087 846 2147; x_wconf 91' lang='lat' dir='ltr'><strong>caeli</strong></span> 
     </span>
     <span class='ocr_line' id='line_1_23' title="bbox 123 2175 858 2257; baseline -0.001 -21"><span class='ocrx_word' id='word_1_152' title='bbox 123 2177 247 2237; x_wconf 88' lang='lat' dir='ltr'><strong>institui.</strong></span> <span class='ocrx_word' id='word_1_153' title='bbox 294 2176 336 2235; x_wconf 92' lang='lat' dir='ltr'><strong>sic</strong></span> <span class='ocrx_word' id='word_1_154' title='bbox 360 2193 430 2235; x_wconf 88' lang='grc'><strong>5555</strong></span> <span class='ocrx_word' id='word_1_155' title='bbox 454 2194 551 2257; x_wconf 87' lang='lat' dir='ltr'><strong>meus,</strong></span> <span class='ocrx_word' id='word_1_156' title='bbox 576 2178 618 2236; x_wconf 92' lang='lat' dir='ltr'><strong>sic</strong></span> <span class='ocrx_word' id='word_1_157' title='bbox 642 2175 713 2236; x_wconf 91' lang='lat' dir='ltr'><strong>orhe</strong></span> <span class='ocrx_word' id='word_1_158' title='bbox 737 2185 858 2255; x_wconf 89' lang='lat' dir='ltr'><strong>peracto</strong></span> 
     </span>
     <span class='ocr_line' id='line_1_24' title="bbox 121 2259 865 2344; baseline 0.003 -22"><span class='ocrx_word' id='word_1_159' title='bbox 121 2262 211 2324; x_wconf 86' lang='lat' dir='ltr'><strong>Liber</strong></span> <span class='ocrx_word' id='word_1_160' title='bbox 235 2272 264 2322; x_wconf 91' lang='lat' dir='ltr'><strong>et</strong></span> <span class='ocrx_word' id='word_1_161' title='bbox 288 2271 430 2342; x_wconf 85' lang='lat' dir='ltr'><strong>expertus</strong></span> <span class='ocrx_word' id='word_1_162' title='bbox 454 2264 719 2324; x_wconf 87' lang='lat' dir='ltr'><strong>terrasremeauit</strong></span> <span class='ocrx_word' id='word_1_163' title='bbox 741 2259 865 2344; x_wconf 70' lang='lat' dir='ltr'><strong>Apollo?</strong></span> 
     </span>
     <span class='ocr_line' id='line_1_25' title="bbox 122 2351 834 2429; baseline 0 -17"><span class='ocrx_word' id='word_1_164' title='bbox 122 2351 197 2412; x_wconf 85' lang='lat' dir='ltr'><strong>dixit</strong></span> <span class='ocrx_word' id='word_1_165' title='bbox 220 2358 250 2411; x_wconf 90' lang='lat' dir='ltr'><strong>et</strong></span> <span class='ocrx_word' id='word_1_166' title='bbox 273 2353 386 2429; x_wconf 86' lang='lat' dir='ltr'><strong>ingenti</strong></span> <span class='ocrx_word' id='word_1_167' title='bbox 409 2352 608 2412; x_wconf 79' lang='lat' dir='ltr'><strong>flaurmantem</strong></span> <span class='ocrx_word' id='word_1_168' title='bbox 627 2352 728 2412; x_wconf 90' lang='lat' dir='ltr'><strong>nubila</strong></span> <span class='ocrx_word' id='word_1_169' title='bbox 752 2353 834 2413; x_wconf 92' lang='lat' dir='ltr'><strong>sulco</strong></span> 
     </span>
     <span class='ocr_line' id='line_1_26' title="bbox 120 2438 969 2521; baseline 0.002 -22"><span class='ocrx_word' id='word_1_170' title='bbox 120 2438 236 2499; x_wconf 84' lang='lat' dir='ltr'><strong>derexit</strong></span> <span class='ocrx_word' id='word_1_171' title='bbox 258 2457 314 2515; x_wconf 87' lang='lat' dir='ltr'><strong>per</strong></span> <span class='ocrx_word' id='word_1_172' title='bbox 337 2441 423 2499; x_wconf 91' lang='lat' dir='ltr'><strong>inane</strong></span> <span class='ocrx_word' id='word_1_173' title='bbox 447 2440 555 2521; x_wconf 80' lang='lat' dir='ltr'><strong>facem,</strong></span> <span class='ocrx_word' id='word_1_174' title='bbox 579 2457 654 2517; x_wconf 88' lang='lat' dir='ltr'><strong>quae</strong></span> <span class='ocrx_word' id='word_1_175' title='bbox 677 2459 776 2519; x_wconf 91' lang='lat' dir='ltr'><strong>puppe</strong></span> <span class='ocrx_word' id='word_1_176' title='bbox 800 2442 969 2520; x_wconf 90' lang='lat' dir='ltr'><strong>propinqua</strong></span> 
     </span>
     <span class='ocr_line' id='line_1_27' title="bbox 121 2525 862 2608; baseline 0.004 -22"><span class='ocrx_word' id='word_1_177' title='bbox 121 2529 152 2586; x_wconf 91' lang='lat' dir='ltr'><strong>in</strong></span> <span class='ocrx_word' id='word_1_178' title='bbox 175 2525 299 2587; x_wconf 80' lang='lat' dir='ltr'><strong>bifidum</strong></span> <span class='ocrx_word' id='word_1_179' title='bbox 323 2527 460 2586; x_wconf 83' lang='lat' dir='ltr'><strong>discessit</strong></span> <span class='ocrx_word' id='word_1_180' title='bbox 482 2530 540 2587; x_wconf 92' lang='lat' dir='ltr'><strong>iter</strong></span> <span class='ocrx_word' id='word_1_181' title='bbox 563 2527 731 2606; x_wconf 86' lang='lat' dir='ltr'><strong>fratresque</strong></span> <span class='ocrx_word' id='word_1_182' title='bbox 754 2531 862 2608; x_wconf 91' lang='lat' dir='ltr'><strong>petiuit</strong></span> 
     </span>
     <span class='ocr_line' id='line_1_28' title="bbox 120 2613 964 2696; baseline 0.004 -22"><span class='ocrx_word' id='word_1_183' title='bbox 120 2613 305 2696; x_wconf 73' lang='lat' dir='ltr'><strong>Tyndareos,</strong></span> <span class='ocrx_word' id='word_1_184' title='bbox 328 2613 441 2692; x_wconf 90' lang='lat' dir='ltr'><strong>placida</strong></span> <span class='ocrx_word' id='word_1_185' title='bbox 464 2624 494 2674; x_wconf 91' lang='lat' dir='ltr'><strong>et</strong></span> <span class='ocrx_word' id='word_1_186' title='bbox 517 2614 622 2675; x_wconf 89' lang='lat' dir='ltr'><strong>mediis</strong></span> <span class='ocrx_word' id='word_1_187' title='bbox 645 2618 677 2675; x_wconf 92' lang='lat' dir='ltr'><strong>iu</strong></span> <span class='ocrx_word' id='word_1_188' title='bbox 700 2617 848 2677; x_wconf 91' lang='lat' dir='ltr'><strong>frontibus</strong></span> <span class='ocrx_word' id='word_1_189' title='bbox 867 2618 964 2678; x_wconf 92' lang='lat' dir='ltr'><strong>haesit</strong></span> 
     </span>
     <span class='ocr_line' id='line_1_29' title="bbox 120 2701 884 2785; baseline 0.005 -23"><span class='ocrx_word' id='word_1_190' title='bbox 120 2705 258 2785; x_wconf 90' lang='lat' dir='ltr'><strong>protinus</strong></span> <span class='ocrx_word' id='word_1_191' title='bbox 282 2701 437 2763; x_wconf 88' lang='lat' dir='ltr'><strong>amborum</strong></span> <span class='ocrx_word' id='word_1_192' title='bbox 459 2702 620 2783; x_wconf 88' lang='lat' dir='ltr'><strong>lumenque</strong></span> <span class='ocrx_word' id='word_1_193' title='bbox 644 2706 763 2764; x_wconf 87' lang='lat' dir='ltr'><strong>innoxia</strong></span> <span class='ocrx_word' id='word_1_194' title='bbox 787 2705 884 2767; x_wconf 90' lang='lat' dir='ltr'><strong>fundit</strong></span> 
     </span>
     <span class='ocr_line' id='line_1_30' title="bbox 120 2791 887 2872; baseline 0.005 -21"><span class='ocrx_word' id='word_1_195' title='bbox 120 2809 321 2871; x_wconf 86' lang='lat' dir='ltr'><strong>purpureum,</strong></span> <span class='ocrx_word' id='word_1_196' title='bbox 344 2792 463 2851; x_wconf 89' lang='lat' dir='ltr'><strong>miseris</strong></span> <span class='ocrx_word' id='word_1_197' title='bbox 486 2791 556 2852; x_wconf 89' lang='lat' dir='ltr'><strong>olim</strong></span> <span class='ocrx_word' id='word_1_198' title='bbox 579 2792 754 2872; x_wconf 91' lang='lat' dir='ltr'><strong>inplorabile</strong></span> <span class='ocrx_word' id='word_1_199' title='bbox 779 2797 887 2856; x_wconf 80' lang='lat' dir='ltr'><strong>nautis,</strong></span> 
     </span>
    </p>

    <p class='ocr_par' dir='ltr' id='par_1_3' title="bbox 119 2879 1056 3580">
     <span class='ocr_line' id='line_1_31' title="bbox 209 2879 918 2963; baseline 0.008 -25"><span class='ocrx_word' id='word_1_200' title='bbox 209 2879 326 2940; x_wconf 86' lang='lat' dir='ltr'><strong>Interea</strong></span> <span class='ocrx_word' id='word_1_201' title='bbox 349 2879 446 2940; x_wconf 90' lang='lat' dir='ltr'><strong>medio</strong></span> <span class='ocrx_word' id='word_1_202' title='bbox 471 2899 579 2942; x_wconf 91' lang='lat' dir='ltr'><strong>saeuus</strong></span> <span class='ocrx_word' id='word_1_203' title='bbox 601 2884 746 2962; x_wconf 88' lang='lat' dir='ltr'><strong>permissa</strong></span> <span class='ocrx_word' id='word_1_204' title='bbox 769 2883 918 2963; x_wconf 85' lang='lat' dir='ltr'><strong>profundo</strong></span> 
     </span>
     <span class='ocr_line' id='line_1_32' title="bbox 120 2967 880 3051; baseline 0.004 -21"><span class='ocrx_word' id='word_1_205' title='bbox 120 2968 242 3030; x_wconf 88' lang='lat' dir='ltr'><strong>carbasa</strong></span> <span class='ocrx_word' id='word_1_206' title='bbox 265 2967 400 3048; x_wconf 89' lang='lat' dir='ltr'><strong>Pangaea</strong></span> <span class='ocrx_word' id='word_1_207' title='bbox 423 2968 533 3030; x_wconf 90' lang='lat' dir='ltr'><strong>Boreas</strong></span> <span class='ocrx_word' id='word_1_208' title='bbox 557 2971 728 3051; x_wconf 81' lang='lat' dir='ltr'><strong>speculatus</strong></span> <span class='ocrx_word' id='word_1_209' title='bbox 752 2972 788 3033; x_wconf 90' lang='lat' dir='ltr'><strong>ab</strong></span> <span class='ocrx_word' id='word_1_210' title='bbox 813 2991 880 3033; x_wconf 92' lang='lat' dir='ltr'><strong>arce</strong></span> 
     </span>
     <span class='ocr_line' id='line_1_33' title="bbox 121 3057 939 3140; baseline 0.002 -21"><span class='ocrx_word' id='word_1_211' title='bbox 121 3060 262 3120; x_wconf 91' lang='lat' dir='ltr'><strong>continuo</strong></span> <span class='ocrx_word' id='word_1_212' title='bbox 287 3057 417 3120; x_wconf 78' lang='lat' dir='ltr'><strong>Aeoliam</strong></span> <span class='ocrx_word' id='word_1_213' title='bbox 440 3058 654 3140; x_wconf 78' lang='lat' dir='ltr'><strong>Tyrrhenaque</strong></span> <span class='ocrx_word' id='word_1_214' title='bbox 678 3061 774 3123; x_wconf 94' lang='lat' dir='ltr'><strong>tendit</strong></span> <span class='ocrx_word' id='word_1_215' title='bbox 796 3061 833 3122; x_wconf 89' lang='lat' dir='ltr'><strong>ad</strong></span> <span class='ocrx_word' id='word_1_216' title='bbox 856 3068 939 3122; x_wconf 91' lang='lat' dir='ltr'><strong>antra</strong></span> 
     </span>
     <span class='ocr_line' id='line_1_34' title="bbox 121 3147 963 3232; baseline 0.004 -25"><span class='ocrx_word' id='word_1_217' title='bbox 121 3149 264 3208; x_wconf 78' lang='lat' dir='ltr'><strong>concitus,</strong></span> <span class='ocrx_word' id='word_1_218' title='bbox 311 3167 397 3209; x_wconf 89' lang='lat' dir='ltr'><strong>omne</strong></span> <span class='ocrx_word' id='word_1_219' title='bbox 422 3147 469 3208; x_wconf 92' lang='lat' dir='ltr'><strong>dei</strong></span> <span class='ocrx_word' id='word_1_220' title='bbox 492 3149 603 3229; x_wconf 89' lang='lat' dir='ltr'><strong>rapidis</strong></span> <span class='ocrx_word' id='word_1_221' title='bbox 626 3169 732 3212; x_wconf 88' lang='lat' dir='ltr'><strong>nemus</strong></span> <span class='ocrx_word' id='word_1_222' title='bbox 755 3153 879 3231; x_wconf 88' lang='lat' dir='ltr'><strong>ingemit</strong></span> <span class='ocrx_word' id='word_1_223' title='bbox 901 3148 963 3232; x_wconf 79' lang='lat' dir='ltr'><strong>aus,</strong></span> 
     </span>
     <span class='ocr_line' id='line_1_35' title="bbox 121 3234 1056 3318; baseline 0.007 -24"><span class='ocrx_word' id='word_1_224' title='bbox 121 3243 213 3296; x_wconf 90' lang='lat' dir='ltr'><strong>strata</strong></span> <span class='ocrx_word' id='word_1_225' title='bbox 237 3234 340 3317; x_wconf 84' lang='lat' dir='ltr'><strong>Ceres,</strong></span> <span class='ocrx_word' id='word_1_226' title='bbox 364 3245 506 3316; x_wconf 90' lang='lat' dir='ltr'><strong>motuque</strong></span> <span class='ocrx_word' id='word_1_227' title='bbox 531 3241 616 3316; x_wconf 90' lang='lat' dir='ltr'><strong>niger</strong></span> <span class='ocrx_word' id='word_1_228' title='bbox 640 3239 695 3300; x_wconf 89' lang='lat' dir='ltr'><strong>sub</strong></span> <span class='ocrx_word' id='word_1_229' title='bbox 718 3247 859 3318; x_wconf 88' lang='lat' dir='ltr'><strong>praepete</strong></span> <span class='ocrx_word' id='word_1_230' title='bbox 882 3247 1002 3315; x_wconf 79' lang='lat' dir='ltr'><strong>pontus,</strong></span> <span class='ocrx_word' id='word_1_231' title='bbox 1054 3296 1056 3300; x_wconf 90' lang='lat'>.</span> 
     </span>
     <span class='ocr_line' id='line_1_36' title="bbox 120 3321 874 3406; baseline 0.003 -24"><span class='ocrx_word' id='word_1_232' title='bbox 120 3339 250 3401; x_wconf 88' lang='lat' dir='ltr'><strong>aequore</strong></span> <span class='ocrx_word' id='word_1_233' title='bbox 270 3321 423 3385; x_wconf 88' lang='lat' dir='ltr'><strong>Trinacrio</strong></span> <span class='ocrx_word' id='word_1_234' title='bbox 447 3326 604 3405; x_wconf 80' lang='lat' dir='ltr'><strong>refugique</strong></span> <span class='ocrx_word' id='word_1_235' title='bbox 628 3345 644 3387; x_wconf 92' lang='lat' dir='ltr'><strong>a</strong></span> <span class='ocrx_word' id='word_1_236' title='bbox 667 3333 751 3406; x_wconf 88' lang='lat' dir='ltr'><strong>parte</strong></span> <span class='ocrx_word' id='word_1_237' title='bbox 775 3324 874 3386; x_wconf 91' lang='lat' dir='ltr'><strong>Pelori</strong></span> 
     </span>
     <span class='ocr_line' id='line_1_37' title="bbox 120 3411 993 3492; baseline 0.008 -23"><span class='ocrx_word' id='word_1_238' title='bbox 120 3417 178 3471; x_wconf 87' lang='lat' dir='ltr'><strong>etat</strong></span> <span class='ocrx_word' id='word_1_239' title='bbox 197 3429 287 3490; x_wconf 90' lang='lat' dir='ltr'><strong>rupes</strong></span> <span class='ocrx_word' id='word_1_240' title='bbox 308 3411 459 3474; x_wconf 88' lang='lat' dir='ltr'><strong>horrenda</strong></span> <span class='ocrx_word' id='word_1_241' title='bbox 482 3415 580 3477; x_wconf 91' lang='lat' dir='ltr'><strong>fretis:</strong></span> <span class='ocrx_word' id='word_1_242' title='bbox 604 3413 730 3492; x_wconf 66' lang='lat' dir='ltr'><strong>quot&#39;in</strong></span> <span class='ocrx_word' id='word_1_243' title='bbox 753 3411 873 3472; x_wconf 90' lang='lat' dir='ltr'><strong>aethera</strong></span> <span class='ocrx_word' id='word_1_244' title='bbox 897 3416 993 3492; x_wconf 85' lang='lat' dir='ltr'><strong>surgit</strong></span> 
     </span>
     <span class='ocr_line' id='line_1_38' title="bbox 119 3497 920 3580; baseline 0.006 -23"><span class='ocrx_word' id='word_1_245' title='bbox 119 3497 260 3580; x_wconf 86' lang='lat' dir='ltr'><strong>molibus,</strong></span> <span class='ocrx_word' id='word_1_246' title='bbox 284 3501 416 3562; x_wconf 90' lang='lat' dir='ltr'><strong>infernas</strong></span> <span class='ocrx_word' id='word_1_247' title='bbox 440 3502 564 3563; x_wconf 91' lang='lat' dir='ltr'><strong>totidem</strong></span> <span class='ocrx_word' id='word_1_248' title='bbox 588 3500 715 3561; x_wconf 89' lang='lat' dir='ltr'><strong>demissa</strong></span> <span class='ocrx_word' id='word_1_249' title='bbox 738 3497 793 3559; x_wconf 91' lang='lat' dir='ltr'><strong>sub</strong></span> <span class='ocrx_word' id='word_1_250' title='bbox 817 3499 920 3562; x_wconf 90' lang='lat' dir='ltr'><strong>undas.</strong></span> 
     </span>
    </p>
   </div>
   <div class='ocr_carea' id='block_1_3' title="bbox 0 0 1186 3938">
    <p class='ocr_par' dir='ltr' id='par_1_4' title="bbox 0 0 1186 3938">
     <span class='ocr_line' id='line_1_39' title="bbox 0 0 1186 3938; baseline 0 1"><span class='ocrx_word' id='word_1_251' title='bbox 0 0 1186 3938; x_wconf 95' lang='lat' dir='ltr'><strong> </strong></span> 
     </span>
    </p>
   </div>
  </div>
 </body>
</html>
