2376 3938
387 172 503 280 AOTllS
522 172 743 228 ALEXANDRI.
1008 174 1072 239 109

52 388 57 394 .
151 333 210 400 38.
234 335 287 399 Ad
308 335 390 399 baec
413 333 594 419 Rogodune
617 338 721 400 mater
745 335 929 402 Alexandro
954 337 1000 401 sio
1024 348 1135 401 1111.

61 424 206 509 spondit:
235 421 356 488 ‘Nobis
380 445 507 507 quoque
530 424 564 487 id
586 423 655 488 voti
678 424 817 489 maxime
840 423 855 488 f
879 425 911 506 't,
936 429 973 490 ut
997 448 1074 510 quo·

60 516 150 578 niam
174 512 236 576 diis
260 512 419 576 inclinare
442 511 535 575 Darii
561 533 680 576 nomen
708 513 749 576 ab
778 513 837 576 illa
864 513 1011 596 potentia
1036 515 1072 578 li·

60 603 199 684 buisset,
227 599 261 664 in
288 604 320 665 te
348 600 443 665 nobie
468 604 500 664 et
527 600 614 664 illius
638 600 781 683 dignitas
810 604 844 665 et
867 623 942 686 spes
966 604 1071 667 omnis

59 689 232 756 incolumis
253 692 443 774 servaretur,
464 711 557 773 quem
576 689 733 754 virtutum
753 689 877 754 scilieet
895 693 928 754 et
947 691 1099 775 sapien-s

59 781 125 844 tiae
149 777 266 843 merito
290 778 426 861 dignum
448 776 581 842 fortuna
604 799 662 842 rua
684 778 795 843 nullus
818 777 995 843 addubitet.
1035 777 1073 844 Id

61 889 140 954 ergo
173 870 210 931 ut
240 867 379 947 cunctis,
411 866 459 930 ita
491 866 587 930 nobis
618 867 791 951 praecipue
821 866 983 950 voluptati
1015 871 1074 952 est,

62 979 143 1041 quas
166 960 198 1019 et
217 955 251 1018 in
269 955 326 1019 illa
344 976 477 1019 versura
495 955 644 1018 fortunae
663 954 916 1025 nihilumtriste
936 955 1074 1039 experiri

61 1045 264 1109 contenderis
292 1047 324 1107 et
350 1042 483 1109 habitas
506 1065 565 1127 pro
589 1044 691 1107 veteri
719 1065 756 1108 ao
784 1043 834 1109 tui
861 1045 1003 1110 nominis
1027 1045 1073 1109 di-

61 1134 187 1219 gnitate
220 1154 306 1197 nunc
339 1132 437 1196 etiam
470 1152 570 1216 regno
602 1132 788 1216 participes.
841 1132 947 1217 Igitur
979 1133 1073 1199 nobis
1088 1157 1114 1197 10

62 1222 215 1305 quoniam
238 1222 280 1304 id,
303 1219 502 1304 Alexander,
517 1220 612 1304 'quod
635 1220 767 1307 Darius,
792 1242 840 1306 es,
863 1222 898 1286 in
919 1225 953 1285 te
976 1221 1073 1288 nobis

62 1311 139 1374 deos
159 1313 192 1374 et
211 1310 343 1375 deorum
357 1309 513 1374 beneficia
531 1330 749 1393 numeramus,
766 1311 913 1393 hancque
932 1311 1074 1395 gratiam

61 1401 99 1463 ut
121 1398 184 1462 tibi
208 1397 384 1481 confessae,
406 1399 453 1462 ita
472 1397 644 1462 Persarum
663 1419 790 1482 quoque
813 1399 998 1482 proceribus
1018 1422 1073 1483 pa-

62 1488 129 1552 lam
151 1487 294 1570 fecimus,
318 1508 381 1570 quo
401 1487 547 1570 ipsorum
571 1487 669 1551 etiam
687 1487 773 1551 votis
792 1486 924 1551 deorum
944 1487 1074 1553 immor·

62 1576 178 1640 talium
196 1577 338 1639 numeris
358 1578 391 1640 et
410 1575 575 1640 consortio
595 1590 800 1660 congregere.
838 1573 944 1649 Quare
967 1579 1074 1639 tecum
1088 1599 1115 1642 11

62 1687 141 1747 una,
165 1664 249 1747 quod
272 1664 379 1748 iubes,
401 1664 559 1727 Roxanen
582 1684 709 1747 quoque
733 1662 884 1746 deinceps
908 1663 1073 1728 venerabi·

62 1751 156 1817 mur?
200 1753 246 1816 Et
267 1752 349 1817 haec
372 1752 501 1836 quidem
525 1751 676 1815 mulieres
702 1751 743 1815 ad
766 1772 886 1837 regem.
932 1751 1075 1817 Eaedem
1092 1765 1136 1819 15.

61 1847 174 1907 tamen
197 1842 337 1926 satrapis
361 1845 393 1904 et
416 1839 627 1924 optimatibus
646 1838 739 1904 talia:
763 1838 921 1923 ‘Agamus
939 1840 1075 1925 largiter

23 1970 27 1978 ·
63 1930 125 1995 diis
149 1929 389 1996 immortalibus
411 1930 544 2014 gratias,
568 1928 653 2013 quod
672 1927 773 1993 Dario
796 1928 964 1993 desinente
982 1928 1076 1993 Darii

62 2018 158 2098 nobis
186 2018 342 2082 beneficia
371 2039 438 2082 non
466 2018 590 2082 desunt.
640 2016 726 2083 Nam
757 2019 790 2082 et
817 2016 972 2082 Roxanen
1000 2017 1075 2082 Ale·
1089 2044 1115 2084 1ο

62 2107 185 2172 xander
209 2129 299 2171 suam
328 2106 405 2171 iecit
432 2128 567 2190 eamque
595 2105 740 2189 coniugii
761 2105 884 2170 honore
908 2105 1074 2192 dignatur:

63 2218 128 2279 qua
151 2200 284 2260 cunctos
309 2195 347 2259 de
372 2196 480 2280 gratia
503 2216 568 2259 una
591 2216 663 2258 cum
687 2194 748 2258 diis
772 2194 852 2278 ipsis
878 2194 1075 2279 deorumque

62 2285 245 2348 simulacris
271 2284 416 2364 [obviare]
440 2306 499 2348 vos
523 2284 593 2368 regi
617 2282 697 2347 adeo
721 2283 956 2368 benignissimo
981 2306 1074 2368 opor·

64 2373 157 2458 tebit,
181 2376 278 2456 atque
301 2372 348 2455 id,
372 2372 457 2456 quod
480 2373 516 2435 in
539 2394 708 2436 commune
731 2373 896 2456 proficiat,
920 2373 1075 2458 confiteri,

63 2483 136 2526 oum
161 2482 229 2544 eos,
259 2462 293 2525 in
322 2483 403 2544 quos
427 2460 576 2524 dominus
601 2460 706 2525 factus
735 2465 799 2547 est,
827 2463 969 2526 mutuari
997 2483 1074 2547 gau·
1089 2484 1118 2534 25·

64 2550 152 2614 diurn
177 2572 272 2614 suum
294 2550 445 2614 maluerit
468 2571 564 2633 qnam
588 2548 754 2615 exercere?

133 2688 181 2743 38.
201 2693 217 2740 5
231 2688 377 2743 incolomis
386 2689 455 2743 111.
470 2687 657 2743 incolumisP.
673 2690 702 2743 et
716 2705 765 2744 om.
774 2690 810 2744 A.
848 2697 864 2745 6
879 2690 1025 2745 nulliusA.
1045 2690 1075 2744 id
1136 2696 1147 2722 ·

63 2760 209 2828 ergoA.P.
225 2763 254 2813 et
263 2760 400 2814 idcircor.
435 2758 576 2814 uitauP.
592 2759 688 2814 idnA.
723 2762 941 2830 tvoluptatisn.
974 2768 1075 2831 8quas
1103 2805 1108 2811 .

62 2831 163 2886 Schlee.
183 2847 253 2899 quos
268 2834 297 2884 et
310 2829 362 2883 illa
376 2847 492 2884 versura
500 2837 527 2883 1.
547 2846 617 2898 quos
631 2834 660 2885 et
675 2830 704 2884 in
717 2831 769 2886 illa
782 2850 893 2887 versum
901 2833 975 2886 A.P.
995 2839 1010 2886 9
1025 2849 1076 2901 pro

63 2903 167 2957 veteris
182 2919 215 2956 ac
230 2902 272 2955 tui
286 2901 407 2955 nominis
422 2901 590 2970 dignitatem
601 2908 628 2956 1.
668 2908 699 2955 11
720 2901 751 2955 id
760 2909 787 2958 1.
802 2919 854 2959 om.
864 2902 938 2959 A.P.
961 2903 1075 2958 esA.P.

64 2974 106 3027 eet
124 2980 151 3026 1.
197 2977 230 3025 14
249 2989 304 3040 quo
322 2980 350 3027 1.
374 2989 424 3027 om.
438 2973 513 3027 Α.Ρ.
541 2972 615 3026 votis
634 2979 661 3025 1.
670 2973 704 3026 Ρ.
728 2972 809 3027 vobis
827 2974 863 3029 A.
909 2977 1076 3042 111111111-

63 3060 130 3111 gere
151 3045 185 3098 P.
215 3044 384 3112 congredere
403 3051 430 3097 Τ.
459 3059 629 3112 congregare
647 3044 683 3098 A.
747 3049 779 3097 17
798 3058 894 3110 regem
913 3042 1024 3112 agenda
1041 3044 1075 3099 P.

63 3113 187 3167 Eaedem
197 3115 265 3168 M.
286 3117 365 3184 (corr.
381 3132 414 3169 ex
429 3115 573 3168 meaedem
584 3114 623 3181 1.)
661 3118 694 3166 18
713 3113 831 3180 largiter
840 3113 876 3167 A.
888 3113 918 3167 P.
942 3113 1040 3166 taliter
1048 3120 1076 3168 1.

66 3188 98 3239 19
118 3186 285 3239 mortalibus
305 3185 333 3238 A
400 3191 433 3239 22
454 3202 517 3240 cum
535 3183 589 3238 diis
604 3213 638 3225 -
654 3180 797 3251 oportebit
815 3186 900 3250 atque
918 3199 968 3238 om.
988 3182 1076 3252 A.P.;

64 3256 139 3310 locas
157 3262 280 3311 seruatos
298 3259 329 3310 in
347 3263 389 3323 1.,
412 3258 461 3326 qai
483 3261 575 3310 tamea
597 3256 629 3308 in
651 3255 706 3308 imo
723 3255 848 3324 margine
865 3254 977 3309 sinistro
996 3257 1077 3309 mati-

65 3326 139 3382 latas
157 3333 208 3382 est.-
231 3329 329 3382 desunt
351 3329 436 3382 initia
458 3332 588 3396 quattuor
610 3327 727 3380 {moram
744 3341 884 3380 odanam:
909 3342 1012 3394 qua-
1029 3325 1077 3380 ob-

63 3398 141 3452 viare
157 3430 188 3437 —
204 3398 234 3451 id
253 3398 374 3466 quod-
391 3414 459 3466 quos
479 3398 513 3452 do
529 3422 571 3452 ὼ.
604 3398 718 3450 cunctos
737 3397 844 3466 scripsi.
863 3397 957 3452 cuncti
964 3405 991 3450 1.
998 3397 1033 3453 Α,
1041 3398 1076 3453 Ρ.

65 3475 98 3522 23
119 3470 232 3524 obviare
250 3471 374 3538 supplevi
388 3471 447 3525 coll.
461 3486 522 3538 cap.
538 3469 567 3536 Ι,
581 3473 616 3524 33
621 3488 631 3534 ;
651 3469 717 3535 III,
728 3472 772 3523 57.
810 3473 845 3522 24
864 3468 988 3525 confiteri
1007 3485 1075 3524 corr.

63 3555 97 3592 ec
115 3541 240 3609 profiteri
259 3547 286 3596 1.
