2376 3938
141 186 205 250 128
326 207 329 212 ¹
556 183 666 238 LIBER
683 183 731 238 III:

138 350 209 412 tulo
233 368 380 433 gemmeo
405 346 657 430 superscriptam
684 346 770 411 hanc
794 345 1001 410 sententiam:
1030 343 1151 429 ‘Aqua-

138 437 263 501 tionem
290 436 374 500 hanc
401 458 458 500 rex
482 434 695 501 Seconchosis
724 434 812 498 orbis
836 433 978 497 universi
1000 434 1152 516 praestiti

141 525 265 590 cunctis
281 523 429 588 Rubrum
449 524 680 608 navigantibus
699 521 809 588 mare?
845 521 952 607 Igitur
975 521 1057 586 iussi
1079 544 1152 606 pro-

141 616 214 697 pter
244 613 306 678 hoc
339 618 492 697 stagnum
530 615 639 676 castra
675 610 829 676 constitui
867 611 1021 694 ignesque
1055 631 1153 693 quam

105 702 352 766 careberrimos
376 701 454 765 fieri.

231 788 288 856 19.
326 789 371 853 Et
394 790 460 854 iam
482 788 588 853 noctis
610 787 712 852 ferme
734 787 816 851 hora
839 787 937 850 tertia
960 788 1153 852 numeraba-
1171 797 1186 847 3

139 882 194 942 tur
222 878 433 961 inlustrisque
463 877 637 941 admodum
669 877 748 940 luna
776 875 859 939 nihil
887 875 995 940 diurni
1022 876 1152 939 luminis

141 966 251 1031 demut
237 969 338 1046 Mara
361 986 430 1029 cum
457 964 565 1030 subito
531 964 814 1049 tconspicamur
836 963 976 1046 undique
1000 985 1038 1027 ex
1063 964 1153 1028 omni

142 1054 251 1204 silva&
262 1073 344 1136 quae
368 1055 639 1135 circumsteterat,
663 1053 784 1116 best'tlas
805 1051 960 1135 quasdam
984 1051 1074 1116 ad
1048 1074 1153 1135 r1pam

102 1167 128 1206 ιο
144 1142 252 1225 stagni
279 1144 375 1224 potus
405 1144 479 1225 grat
479 1142 510 1205 ia
464 1103 772 1206 tcontelrdentes.
817 1140 922 1204 Erant
949 1161 1005 1205 eae
1028 1140 1152 1205 bestiae

142 1229 261 1312 scorpii
284 1228 413 1312 quidem
436 1251 501 1293 non
526 1230 631 1293 minus
655 1228 894 1311 proceritudine
919 1229 1063 1310 cubitali,
1087 1251 1151 1293 am-

141 1317 256 1400 modyt
257 1338 294 1382 ae
317 1317 416 1381 etiam
440 1317 506 1381 albi
530 1318 637 1382 colore
661 1317 713 1381 val
736 1316 812 1399 rufi,
834 1337 893 1380 nec
917 1338 984 1381 non
1008 1320 1153 1381 cerastae

142 1405 364 1470 coloribusut
326 1409 486 1490 usupra
510 1406 655 1471 diversis.
697 1403 802 1480 Quare
825 1404 1009 1469 vehementi
1033 1406 1151 1471 sollici·

141 1493 251 1558 tudine
274 1493 400 1558 incitati
423 1494 709 1578 conspicantesque
733 1494 798 1557 iam
821 1497 1008 1558 nostrorum
1027 1494 1153 1578 aliquot

101 1607 128 1648 ιι
140 1582 354 1666 interemptos
381 1582 511 1647 fletibus
534 1582 674 1666 undique
697 1582 950 1647 consonantibus
974 1583 1152 1664 periculum

142 1672 397 1755 opperiebamur.
438 1671 694 1754 Insequebantur
717 1670 804 1736 enim
826 1670 1008 1754 praedictas
1031 1670 1151 1735 bestias

142 1760 239 1823 etiam
268 1759 490 1844 quadrupedes
519 1761 632 1825 beluae
655 1758 876 1843 vehementes,
902 1762 999 1841 potus
1028 1760 1152 1824 scilicet

141 1853 276 1912 consuet
262 1849 372 1913 tudina
401 1871 438 1914 ac
465 1848 658 1913 necessitate
686 1848 742 1912 illo
766 1847 946 1928 venientes,
974 1868 1056 1930 quae
1085 1850 1152 1932 qui-

142 1935 223 1999 dem
233 1940 327 2001 erant
312 1938 455 2021 tlepnes
479 1959 576 2038 supra
594 1936 720 2020 magnit
706 1935 852 2000 tudinem
870 1939 1048 2017 taurorum,
1072 1957 1152 2019 quos

99 2048 129 2089 ao
142 2045 181 2087 ex
208 2013 409 2089 nostratibus
438 2026 597 2089 maximos
621 2025 780 2109 ducimus,
807 2023 993 2087 rhinocarot
979 2027 1028 2087 tes
1053 2025 1153 2088 etiam

141 2111 192 2175 vel
211 2113 281 2195 apri
300 2114 352 2177 vel
370 2114 472 2196 pardi,
495 2114 605 2196 lynces
626 2134 752 2195 quoque
772 2117 805 2176 et
828 2112 963 2196 tigrides
983 2113 1154 2265 scorpiurit-

141 2219 202 2280 qua
226 2221 290 2264 una
313 2201 492 2283 elephantis
517 2205 550 2265 et
573 2200 706 2285 bucriis3
733 2203 809 2264 tunc
833 2199 1059 2283 taurelephant
1060 2221 1093 2264 es
1119 2207 1152 2265 et

142 2307 214 2349 cum
237 2287 289 2369 his
315 2287 462 2352 homines
491 2289 576 2353 senis
603 2289 753 2352 manibus
781 2288 998 2371 portentuosi3
1026 2288 1152 2353 himan-

141 2374 276 2456 topodes
309 2377 408 2439 etiam
442 2380 475 2440 et
507 2376 738 2460 cylioperdices
773 2377 939 2460 multaque
973 2376 1152 2440 formarum

100 2484 128 2526 aa
141 2461 356 2534 humanarum
380 2482 500 2547 genera
522 2465 698 2530 invisitata.

230 2549 288 2615 20.
320 2551 426 2637 Igitur
449 2553 670 2617 excitabamur
693 2551 732 2616 ad
756 2552 994 2635 providentiam
1016 2554 1153 2636 periculi
1187 2584 1188 2588 ¹

232 2835 393 2897 lgammeo
416 2829 449 2884 P.
478 2831 607 2901 geminae
626 2832 662 2886 A.

231 2899 279 2955 lo.
307 2906 321 2955 7
341 2899 446 2956 illustri
460 2903 493 2957 P.
524 2907 588 2971 post
606 2901 718 2958 luminis
739 2903 910 2972 ‘splendore'
930 2905 972 2958 cel
990 2905 1069 2958 ulad
1090 2905 1154 2958 sab-

140 2972 291 3026 ataatc'vum
309 2973 439 3028 accidiam
457 2975 588 3042 suspicor.
628 2979 660 3027 10
679 2974 749 3028 heae
766 2973 800 3027 A.
810 2974 843 3026 P.
882 2979 913 3026 11
934 2973 1104 3042 proceritate
1120 2975 1154 3030 P.

141 3043 326 3098 cmmoditate
349 3043 382 3097 P.
475 3050 508 3098 14
527 3042 637 3112 aliquot
659 3046 767 3112 scripsi.
799 3044 927 3123 aliquod
936 3044 972 3097 A.
981 3044 1027 3110 P.;
1061 3046 1092 3097 ta
1118 3047 1154 3100 A

80 3164 94 3187 ,
142 3129 275 3183 superam.
299 3130 376 3182 quos.
455 3121 489 3170 20
512 3114 642 3168 duximus
666 3114 701 3172 Ρ
779 3120 812 3168 21
837 3112 1029 3183 scorpiurique
1052 3117 1155 3182 scripsi

142 3191 249 3241 secutas
269 3184 377 3240 Graeca
399 3186 448 3240 acl
472 3204 521 3240 nuo
524 3187 660 3254 ρ.πίοιιροι
698 3183 806 3268 coropti
829 3185 941 3252 utrique
963 3187 997 3239 A.
1036 3185 1155 3254 corripu

142 3256 254 3324 utrique
277 3256 310 3312 P.
387 3262 420 3310 22
440 3257 543 3311 bucriis
566 3257 623 3311 Mr.
653 3252 792 3326 (βουκριοι
816 3254 933 3322 Graec..)
964 3252 1051 3307 buriis
1076 3255 1110 3309 A
1120 3258 1154 3312 Ρ

141 3327 438 3397 taurelaphantesMr.
458 3325 818 3412 (ταιρελέωανιεςθναεσ.)
843 3325 915 3392 Tyro
931 3324 1112 3406 elefantesA.
1120 3329 1153 3381 P.

143 3402 177 3450 23
198 3413 278 3452 aenea
293 3398 328 3452 P.
351 3397 566 3469 himantopodes
581 3398 639 3452 Mc.
662 3393 862 3478 ([μαντόποὸες
880 3395 1012 3464 Graec).
1024 3395 1054 3448 in
1072 3401 1153 3451 auto-

142 3467 230 3533 podas
253 3468 288 3521 A.
320 3467 351 3522 in
374 3471 529 3538 antepedes
552 3468 584 3523 P.
651 3473 686 3523 24
705 3483 719 3522 c
720 3466 906 3537 yliopordices
928 3468 1035 3535 scripsi.
1069 3484 1152 3536 cyno-

141 3534 275 3602 perdices
294 3538 330 3592 A
338 3538 372 3595 P.
402 3544 514 3611 (κνλιοπ
515 3537 624 3611 έρᾶικες
642 3539 757 3610 Graec).
794 3537 1000 3606 multarumque
1021 3538 1055 3594 P.
