2362 3938
403 191 772 248 cerrusmrxnuoru.
1028 188 1093 260 159

81 357 172 441 equis
195 355 261 419 ritu
279 353 443 438 praesenti
467 354 517 419 die
542 359 654 419 secuta
678 355 752 434 alio,
775 377 875 440 quam
893 378 1093 442 veneramus,

79 445 194 510 itinere
222 443 428 527 repedemus3
454 441 581 527 fuitque
611 465 728 527 operae
751 445 890 526 pretium
917 445 992 510 illas
1016 469 1094 530 quo·

80 556 141 619 que
164 553 262 597 nosse
285 533 445 616 regiones.
486 530 592 595 Multa
615 531 701 596 enim
725 531 894 596 hominum
918 552 1038 616 genera
1060 539 1094 600 et

78 622 247 687 invisitata
271 624 348 684 sunt
370 619 465 684 nobis
488 621 628 704 cognita,
651 642 789 704 quorum
807 621 860 685 vel
878 622 1018 686 maxime
1036 645 1093 687 no·

78 713 130 776 bis
155 709 365 774 admirationi
392 707 455 772 fuit
478 708 663 773 videntibus
686 708 833 773 homines
855 711 983 794 'absque
1007 712 1118 796 capi-s

77 801 167 865 tibus
186 801 386 881 corporatos.
422 795 572 881 Namque
594 796 646 862 his
669 798 858 864 hominibus
878 799 963 864 oculi
982 804 1092 883 pecto-

77 890 167 952 ribus
187 887 402 970 inhaerentes‚
423 889 519 968 atque
538 907 575 949 os
594 907 689 951 omne
708 890 876 970 ceteraque
895 889 961 953 oris
980 889 1014 951 in
1034 889 1093 954 itia

77 981 171 1062 parte
201 976 345 1058 corporis
373 975 473 1039 situm
500 974 677 1057 plurimum
703 975 911 1043 mirabamur.
960 975 1033 1041 Illic
1060 981 1094 1042 et

79 1065 299 1148 Troglodytas
324 1063 529 1146 offendimus,
556 1063 611 1146 qui
639 1063 750 1129 subter
771 1068 893 1130 terram
917 1065 1092 1132 domiciliis

79 1153 212 1236 scalptis
242 1175 279 1216 ac
304 1151 403 1216 fossis
432 1151 473 1214 ad
501 1151 699 1235 serpentium
726 1153 830 1218 instar
857 1175 1002 1220 secessus
1031 1155 1093 1220 sibi
1108 1175 1135 1215 ro

79 1248 112 1308 et
142 1241 331 1306 habitacula
363 1239 560 1304 laboravere.
614 1237 706 1316 Quod
737 1263 815 1327 ergo
848 1243 935 1307 exim
968 1244 1093 1309 eminus

78 1333 183 1395 visere
216 1332 302 1393 esset
333 1329 482 1393 tellurem
515 1330 677 1412 quandam
709 1331 807 1394 sitam
839 1332 928 1396 velut
960 1331 996 1396 in
1027 1354 1092 1396 me-

79 1420 131 1484 dio
156 1419 252 1500 mari,
277 1419 450 1483 aestimato
474 1416 604 1502 longius
628 1439 726 1501 quam
754 1419 850 1483 unius
873 1419 938 1484 diei
959 1421 1092 1504 naviga·

76 1509 166 1572 tione
197 1509 396 1591 separatam,
424 1527 462 1571 eo
489 1506 698 1590 navigatione
727 1507 961 1573 contendimus.
1008 1507 1091 1591 Rep-

79 1597 221 1679 perimus
259 1595 292 1657 in
328 1595 387 1658 illa
423 1594 532 1658 insula
568 1595 751 1677 civitatem,
787 1617 870 1680 quae
903 1593 988 1660 Solis
1022 1616 1092 1661 esse
1106 1614 1133 1656 rs

78 1685 248 1765 diceretur,
272 1683 415 1746 ambitus
439 1682 546 1766 spatio
569 1704 635 1747 non
659 1683 765 1747 minus
790 1682 960 1768 sexaginta
978 1683 1092 1748 stadiis

78 1772 367 1854 circumscriptam.
400 1769 463 1836 Sed
483 1771 568 1834 enim
587 1793 604 1834 e
623 1770 728 1835 medio
748 1771 891 1836 civitatis
908 1775 1093 1837 constructo

79 1861 219 1946 quodam
244 1864 277 1924 et
299 1863 455 1943 congesto
483 1859 519 1923 in
546 1859 618 1924 loco
648 1880 759 1924 currus
787 1880 904 1924 aureus
926 1859 1094 1925 visebatur

77 1973 143 2015 una
167 1948 291 2013 scilicet
314 1950 404 2032 equis
425 1952 521 2032 atque
544 1949 706 2013 insessore
726 1969 822 2013 aureo
842 1947 1018 2013 laboratus.
1058 1947 1092 2013 Is

78 2039 184 2103 omnis
212 2037 305 2101 labor
328 2037 366 2101 de
391 2036 462 2100 auri
486 2037 622 2101 materia
645 2041 678 2101 et
700 2036 865 2121 smaragdi
890 2036 961 2102 fuit
1006 2036 1131 2101 Miraro

77 2131 188 2191 tamen
213 2126 384 2208 opificinae
408 2126 562 2191 maiestas
589 2147 649 2191 nec
677 2125 735 2190 ulli
763 2126 798 2189 in
828 2125 904 2191 orbe
928 2128 1090 2190 terrarum

80 2215 169 2298 operi
192 2215 289 2278 facile
313 2214 542 2279 contendenda.
587 2213 764 2280 Enimvero
787 2214 845 2279 isti
867 2212 994 2300 regioni
1018 2237 1091 2279 curn

79 2305 208 2368 adesset
232 2302 380 2367 sacerdos
403 2300 580 2386 Aethiops,
608 2324 645 2366 eo
668 2307 844 2387 praeeunte
868 2300 938 2368 Soli
960 2303 1091 2390 religio·

79 2394 145 2457 sius
171 2395 321 2474 operatus
346 2413 426 2455 sum.
735 2453 739 2461 ,
1106 2411 1134 2453 rr

169 2479 228 2545 52.
263 2480 309 2543 Ac
339 2481 386 2544 sic
416 2482 615 2544 revertentes
644 2480 831 2545 locorumne
863 2502 903 2546 an
933 2482 1090 2566 temporis
1109 2491 1150 2543 84.

79 2569 231 2633 tenebras
253 2568 431 2652 profundas
456 2567 657 2633 offendimus.
698 2567 793 2633 Unde
816 2591 890 2634 cum
912 2571 996 2635 ratio
1021 2572 1093 2656 ipsa

80 2660 237 2722 suasisset
270 2657 390 2722 ibidem
422 2657 599 2722 mansitare
630 2661 663 2722 et
691 2657 874 2722 reficiendis
907 2659 1030 2724 nostris
1060 2663 1093 2723 et

170 2855 185 2902 3
206 2848 280 2902 enim
298 2864 348 2902 om.
368 2848 401 2902 P.
466 2853 482 2901 6
501 2845 630 2915 Namque
649 2854 696 2903 etc.
716 2849 765 2902 A:
788 2848 888 2918 Neque
906 2848 951 2903 his
969 2848 1093 2904 homini-

79 2920 130 2972 bus
156 2918 230 2974 oculi
255 2917 311 2971 nisi
335 2917 501 2987 peccoribus
526 2917 592 2986 (nisi
617 2920 744 2974 additam
768 2921 803 2974 ab
829 2921 918 2974 attera
941 2922 1038 2986 mana)
1058 2920 1091 2974 P.

82 2996 96 3043 7
114 2990 167 3043 illa
182 2991 286 3044 addidi.
313 2991 344 3043 ia
358 2991 482 3069 marytre
496 2991 553 3043 cod.
569 2990 601 3044 P.
617 2991 801 3058 susceptam:
815 2990 971 3057 Ganophali
985 2989 1093 3043 scilicet

80 3060 186 3113 caninis
209 3060 326 3114 rictibus
350 3059 479 3114 hommes
496 3059 626 3114 vultuati.
663 3060 721 3113 Alii
744 3061 851 3127 absque
875 3059 1013 3128 capitibus
1036 3059 1092 3113 oris

79 3147 192 3185 omnem
211 3148 291 3184 usum
309 3131 470 3200 pectoribus
489 3131 678 3199 praeferentes
697 3130 792 3184 oculos
812 3145 949 3197 auresque
969 3132 997 3183 et
1015 3128 1092 3197 quio·

79 3202 148 3270 quid
167 3202 311 3257 hominem
329 3201 461 3270 integrat.
508 3198 709 3269 etrogodyus
723 3200 760 3253 A.
783 3199 926 3269 rogoditas
947 3200 980 3253 P.
1009 3214 1092 3268 super

78 3279 182 3327 terram
205 3273 239 3328 P.
303 3278 478 3327 resecemus
497 3273 603 3340 scripsi.
633 3286 777 3325 successus
796 3273 832 3326 A.
840 3271 872 3323 P.
939 3275 971 3323 12
992 3272 1021 3324 et
1038 3266 1092 3323 tel·
1139 3290 1150 3341 p

78 3342 168 3396 lurem
186 3343 221 3396 P.
300 3348 334 3396 14
352 3344 510 3412 separatam
532 3344 604 3396 Mai.
633 3344 764 3410 separata
783 3341 860 3396 A.P.
939 3345 972 3394 16
992 3337 1092 3394 stadiis

80 3431 129 3469 om.
141 3415 176 3467 P.
220 3419 252 3467 19
273 3413 324 3468 His
343 3415 433 3469 omnis
443 3415 479 3468 Α.
488 3413 522 3466 Ρ.
560 3419 594 3467 20
613 3412 810 3480 smaragdisP.
852 3412 885 3465 22
905 3428 973 3480 quae
991 3413 1056 3468 inde
1074 3427 1093 3465 a
1147 3426 1150 3433 ·

80 3485 299 3539 ‘contendenda’
321 3486 448 3555 ispanias
465 3500 550 3552 aeque
568 3485 605 3539 ad
624 3483 754 3538 ‘Tanaim
768 3482 868 3552 usque’
887 3488 971 3552 160,7
990 3500 1041 3539 om.
1056 3481 1091 3537 P.

80 3563 113 3610 23
132 3557 287 3625 praeeunte
307 3557 380 3611 Mai.
408 3555 575 3625 praeeuntes
595 3556 629 3608 A.
