2362 3938
416 111 534 167 ORTUS
552 112 776 168 ALEXANDRI.
998 139 1000 144 ·
1058 111 1100 176 31

76 298 164 363 quae
189 276 256 341 sibi
275 273 379 359 patris
398 273 545 358 Philippi
563 275 684 339 virtute
704 275 853 359 quaesita
870 275 1102 340 hereditarium

78 366 230 432 studium
255 363 388 428 deberet
412 364 509 446 atque
534 362 681 427 deferret.

172 451 235 518 22.
254 451 350 518 Unde
369 450 439 515 illic
458 451 556 516 etiam
570 451 667 515 rebus
683 451 723 515 ad
739 451 884 516 ordinem
898 452 1047 536 redactis,
1083 458 1172 514 XXIX

80 542 170 628 quod
190 540 256 607 sibi
276 561 314 604 ea
337 559 417 624 gens
437 539 615 604 studiosius
640 541 881 624 obsequeretur,
903 540 1099 607 lectissimos
1119 543 1163 596 16.

80 651 232 717 quosque
261 633 294 693 et
322 626 450 713 argenti
472 628 597 693 talenta
620 628 859 713 quadringenta
881 628 1004 693 viribus
1033 629 1127 694 suisa

80 743 157 786 cum
182 719 371 800 adiecisset,
394 716 502 802 pergit
524 717 564 782 ad
587 717 800 802 Lycaoniam,
825 717 878 782 cui
900 738 985 782 nunc
1010 720 1100 783 aetas

80 831 196 874 reeens
220 828 341 872 nomen
362 805 524 870 Lucaniae
548 806 646 871 dedit.
691 806 798 892 igitur
821 805 889 870 eius
912 806 976 870 loci
999 807 1102 891 magi-

82 896 244 963 stratibus
273 895 313 960 ad
342 895 518 959 amicitiam
546 895 712 959 communi
739 893 897 960 sacrificio
925 894 1101 960 foederatis

81 984 283 1052 transmittit
302 983 452 1067 protinus
472 983 513 1047 ad
531 980 676 1048 Siciliam
695 985 791 1068 atque
809 983 865 1067 ibi,
887 982 916 1048 si
936 1006 999 1068 qua
1018 983 1101 1048 forte

83 1076 122 1140 ab
144 1072 306 1157 obsequio
325 1071 570 1156 refragarentur
585 1071 713 1155 oppida,
730 1071 868 1157 recapit,
887 1072 1022 1158 exinquo
1036 1071 1100 1138 Ita·
1115 1093 1141 1134 ro

82 1165 160 1228 liam
185 1159 352 1226 transiens
375 1160 540 1244 legatione
558 1159 681 1243 pariter
700 1161 874 1226 ethonore
893 1162 1018 1244 potitur
1036 1161 1103 1228 Ro-

83 1272 269 1316 manorum.
305 1248 367 1313 Per
381 1247 559 1313 Aemilium
574 1249 693 1333 quippe
707 1252 787 1313 tunc
801 1252 966 1314 consulem
983 1272 1103 1316 corona

84 1343 111 1405 ei
135 1340 212 1404 auri
232 1339 340 1422 pondo
365 1341 503 1421 centum,
526 1337 686 1423 insignita
707 1338 806 1402 etiam
825 1339 1023 1423 margaritis,
1045 1339 1102 1404 ho·

83 1429 217 1494 noraria
240 1427 337 1491 datur
359 1425 401 1490 ad
425 1429 651 1511 argumentum
670 1426 832 1492 amicitiae
851 1429 1008 1510 perpetuo
1027 1431 1102 1509 post

83 1518 230 1600 futurae,
258 1515 354 1598 idque
378 1514 565 1580 Alexandro
589 1535 728 1599 magnae
752 1516 876 1600 gratiae
904 1514 967 1578 fuit
992 1515 1101 1579 amici·
1116 1535 1143 1577 ra

84 1609 233 1689 tiamque
267 1603 475 1688 amplectitur
505 1607 539 1668 et
567 1603 675 1668 verbis
706 1603 895 1669 liberalibus
928 1601 1101 1667 Aemilium

84 1695 285 1759 honoratum
304 1691 451 1755 remittit.
487 1691 622 1757 Addunt
635 1696 745 1757 tamen
758 1691 898 1757 Romani
914 1695 947 1755 et
961 1690 1101 1755 militum

86 1782 258 1848 duomilia
273 1783 306 1845 et
320 1780 449 1866 argenti
457 1782 583 1845 talenta
593 1780 832 1864 quadringenta
846 1801 948 1864 eoque
963 1779 1102 1863 amplius

84 1872 155 1936 lore
180 1871 317 1935 daturos
341 1891 411 1934 sese
435 1870 639 1952 respondent,
661 1871 696 1934 ni
720 1869 783 1934 sibi
801 1869 925 1933 bellum
946 1867 1100 1933 adversus
1115 1891 1140 1932 19

85 1959 375 2043 Carthaginienses
398 1957 653 2022 intentissimum
677 1958 819 2042 agitaret
859 2007 866 2022 .
902 1956 1049 2021 indidem
1084 1963 1170 2022 XXX.

86 2050 189 2134 igitur
214 2046 385 2131 Tyrrheno
411 2047 605 2111 transmisso
633 2067 706 2110 curn
729 2046 872 2110 Africam
899 2067 1025 2130 quoque
1049 2044 1166 2110 ad·1⁷·

85 2137 230 2222 pulisset
256 2133 455 2220 Alexander,
483 2135 552 2200 eius
580 2136 688 2219 gentis
717 2134 780 2199 sibi
807 2135 1017 2219 magistratus
1047 2135 1103 2200 ob·

86 2227 213 2291 viantes
233 2224 379 2307 precario
400 2227 570 2308 quaesunt,
593 2223 644 2287 uti
667 2245 687 2286 a
710 2243 743 2288 se
767 2222 833 2287 vim
852 2224 992 2289 Romani
1015 2245 1103 2288 exer-

85 2317 172 2380 citus
188 2313 387 2378 amoliretur.
421 2311 483 2377 Sed
502 2313 582 2375 haec
600 2311 688 2376 dicta
706 2333 774 2376 non
792 2312 888 2378 modo
903 2311 945 2376 ad
959 2312 1102 2376 favorem

85 2404 176 2489 regis
195 2401 344 2465 animum
362 2422 428 2465 non
447 2402 650 2483 convertunt,
673 2422 783 2465 verum
803 2401 954 2486 ignaviae
977 2422 1032 2465 eos
1054 2400 1102 2464 in·
1116 2423 1143 2466 ae

86 2491 231 2576 erepitos
252 2490 312 2553 tali
330 2490 542 2571 responsione
562 2488 712 2554 dimittit:
736 2490 822 2575 quod
841 2489 919 2556 boni
938 2486 1103 2573 Carthago

87 2579 284 2661 consuleret,
308 2576 337 2641 si
360 2583 416 2642 aut
434 2576 550 2641 melior
567 2576 719 2643 hostibus
738 2577 823 2644 foret
842 2582 899 2644 aut
917 2575 1102 2662 potioribus

86 2671 263 2752 praecepta
287 2664 490 2749 dependeret.

178 2753 239 2820 23.
255 2753 354 2853 ¹Hinc
381 2755 483 2840 igitur
504 2775 643 2840 pergens
666 2756 778 2838 paucis
806 2755 979 2822 admodum
1005 2755 1165 2822 comi-18.

178 2909 344 2979 lquaesita
361 2910 436 2965 ΛΡ.
465 2910 575 2979 quaerit
596 2910 627 2964 Τ.

177 2982 229 3037 22.
256 2983 476 3063 4exequeretur
495 2983 529 3037 P.
594 2989 741 3051 oquoque
760 2983 791 3039 P.
857 2981 1048 3051 6Liguonam
1070 2979 1103 3034 T.

86 3063 100 3111 7
119 3055 254 3125 Liguriae
273 3054 314 3108 ccl
332 3052 464 3121 Liguriae
485 3052 517 3106 Τ.
608 3059 624 3108 9
644 3053 773 3109 Siciliam
790 3055 825 3107 A.
834 3054 867 3107 P.
895 3049 1050 3105 Massiliam
1070 3047 1101 3103 Τ.

87 3135 115 3181 11
136 3126 251 3197 potitur
275 3122 396 3192 napo.
424 3121 529 3192 petitur
553 3123 587 3178 P.
698 3130 732 3179 14
751 3125 852 3179 dantur
874 3130 902 3179 2.
935 3121 971 3176 ad
994 3135 1044 3174 om.
1068 3118 1102 3173 P.

87 3203 117 3252 lt
136 3196 255 3269 gratiae
278 3195 349 3249 M.
378 3192 485 3262 gloriae
508 3193 624 3264 Rapit.
704 3201 737 3250 19
759 3195 790 3249 ni
814 3193 869 3248 sibi
890 3199 918 3245 2.
945 3189 1001 3244 nisi
1024 3189 1103 3246 ΑΡ.

85 3275 117 3324 20
136 3267 302 3340 agitaretur
320 3271 347 3320 2.
370 3267 501 3334 ageretur
518 3264 554 3318 A.
562 3267 595 3321 P.
637 3272 671 3321 21
691 3266 779 3336 igitur
796 3280 847 3320 om.
866 3265 902 3319 A.
910 3263 944 3317 P.
988 3265 1022 3314 23
1040 3277 1102 3329 pre-

87 3341 161 3396 cario
181 3339 326 3409 quaesunt
344 3334 377 3390 P.
414 3334 539 3405 precario
563 3338 629 3391 sunt
651 3337 695 3391 usi
718 3343 751 3391 ut
770 3335 806 3390 A.
842 3333 968 3403 praecati
991 3335 1057 3386 sunt
1074 3338 1102 3386 2.

86 3413 139 3468 rim
153 3419 182 3468 2.
211 3409 257 3465 via
277 3406 354 3462 Α.Ρ.
397 3412 432 3461 24
450 3407 574 3462 favorem
587 3407 666 3462 A.P.
692 3407 836 3463 foventem
853 3412 881 3461 2.
919 3408 953 3458 25
971 3403 1102 3473 ignaviae

88 3499 133 3540 ora.
154 3485 189 3540 P.
221 3496 273 3535 ecs
292 3493 342 3534 om.
361 3478 398 3532 Α.
406 3478 440 3532 P.
512 3483 546 3532 26
564 3478 631 3532 talis
649 3493 781 3547 responso
799 3485 827 3534 2.
