2362 3938
135 186 199 249 142
550 179 659 233 LIBER
677 178 724 234 111.

222 343 282 411 34.
304 344 465 410 Locorum
483 365 559 408 vero
581 343 734 426 pleraque
758 341 844 405 saxis
867 341 999 425 quidem
1023 362 1145 424 aspera,

133 434 230 500 sicuti
254 435 377 500 dietum
401 435 459 511 est,
483 431 539 496 sed
563 452 644 516 quae
667 429 763 495 facile
786 450 1008 513 praesumeres
1031 430 1145 494 haberi

133 528 166 588 et
188 523 287 588 incoli
309 544 407 606 posse
434 520 631 585 numinibus.
677 518 802 602 Quippe
829 519 903 584 looa
928 518 1010 582 haee
1033 519 1145 583 domus

133 612 267 676 deorum
290 614 418 689 vocant,
442 611 475 677 et
496 609 684 692 plerumque
703 608 852 672 visuntur
874 607 910 670 in
932 607 1022 671 hisee
1047 628 1146 672 seces-

105 700 224 764 osibus
249 710 346 784 agere
369 699 414 762 dii
437 718 488 760 res
507 696 718 780 voluptarias.
756 695 906 760 Addebat
929 696 1051 779 quippe
1069 694 1147 760 Oan-

133 789 243 853 daules
268 791 301 852 et
323 790 418 852 vocat
420 807 455 850 os
405 785 664 850 thominibus
682 785 876 867 respondere
899 788 933 848 et
950 786 1045 850 vultu
1069 806 1147 867 sese,

134 899 197 962 quo
217 876 284 940 sint
285 876 444 960 ,regibus
464 873 619 939 confiteri.
655 872 773 949 ‘Quare
792 878 830 937 tu
849 894 987 957 quoque,
1006 895 1036 937 s1
1026 874 1146 952 ',voles

132 966 270 1031 invitato
299 962 465 1029 sacrifieiis
488 961 568 1026 haee
591 963 738 1046 numina3
764 983 824 1026 neo
852 963 914 1026 erit
937 961 1073 1026 difficile
1097 984 1146 1025 ex·

133 1055 358 1138 perimentum,
384 1052 461 1135 quin
485 1053 517 1114 te
538 1071 664 1134 quoque
688 1051 739 1114 sui
758 1054 933 1133 conspeetu
952 1049 1145 1134 dignentur'

93 1165 119 1203 ιο
132 1142 238 1206 Multa
260 1141 362 1225 igitur
390 1138 585 1203 eiuscemodi
613 1160 686 1203 oum
713 1160 771 1221 per
799 1160 893 1204 omne
921 1139 984 1202 iter
1011 1139 1146 1204 vidisset

133 1231 370 1312 audivissetque
389 1227 580 1310 Alexander,
603 1227 736 1291 tandem
755 1249 828 1292 oum
848 1225 1011 1292 Candaule
1036 1229 1078 1292 ad
1100 1249 1146 1291 re·

132 1320 221 1403 giam
241 1316 406 1382 Candaoes
426 1315 523 1380 venit.
561 1314 666 1390 Quare
685 1316 751 1380 iam
770 1317 913 1400 primurn
930 1317 1049 1380 fratres
1070 1317 1146 1398 eius,

127 1412 271 1492 postque
295 1409 328 1471 et
349 1404 464 1489 regina
482 1407 587 1469 mater
610 1426 683 1468 oum
701 1405 811 1490 regiae
830 1427 970 1489 pompae
990 1406 1146 1471 comitatu

134 1495 294 1561 Candauli
328 1495 498 1559 obviantes
529 1492 563 1557 in
594 1493 780 1576 complexus
816 1495 885 1559 eius
918 1493 1146 1578 gratulabundi

92 1605 118 1646 15
134 1587 260 1650 inruere
291 1584 484 1669 gestiebant.
531 1581 595 1647 Sed
623 1583 709 1646 enim
736 1582 905 1666 praevenit
934 1584 1059 1647 iuvenis
1089 1603 1146 1646 nee

133 1674 223 1758 prius
253 1673 316 1738 sibi
344 1672 489 1737 adfeetus
516 1671 651 1736 huiusce
679 1672 836 1757 obsequia
863 1672 1023 1757 deposcit,
1051 1693 1145 1756 quam

132 1761 304 1848 Antigono
329 1762 451 1845 gratias
481 1783 577 1846 super
608 1761 718 1827 adiuto
747 1783 818 1826 sese
847 1783 884 1826 ae
912 1762 1052 1825 liberata
1076 1782 1146 1824 eon·

131 1851 206 1936 iuge
238 1849 378 1915 confessi
407 1849 523 1915 forent.
572 1848 669 1914 Hune
699 1850 786 1915 enim
812 1848 1017 1934 Antigonum
1048 1850 1145 1912 inter·

132 1940 284 2005 nuntium
301 1960 371 2003 esse
386 1938 471 2022 regis
487 1938 665 2002 Alexandri
680 1961 851 2023 secumque
866 1939 1019 2023 legatum.
1055 1937 1145 2001 vTune

92 2049 118 2090 ιο
133 2026 360 2112 quaerentibus
377 2026 502 2111 gratiae
521 2028 701 2092 novitatem
721 2032 754 2090 et
772 2028 925 2092 iniuriam
944 2031 1057 2109 raptae
1073 2047 1146 2090 oon·

131 2117 217 2200 iugis
242 2120 274 2180 et
297 2115 454 2178 ultionem
472 2114 597 2197 provisi
614 2114 763 2179 beneficii
784 2115 893 2179 refert.
934 2115 1023 2196 Ergo
1043 2118 1146 2198 agunt

131 2204 254 2286 gratias
283 2203 415 2266 iuvenes
445 2206 478 2264 et
505 2202 620 2285 regina
642 2203 783 2265 laetatur
805 2201 931 2264 ultione
953 2202 1078 2282 pariter
1100 2206 1146 2265 te·

131 2291 248 2353 merati
266 2288 452 2354 Candaulae
476 2291 509 2352 et
530 2289 714 2372 integratus
735 2309 835 2352 nurus
858 2287 984 2350 illibata
1006 2287 1147 2353 laetitia.

131 2376 239 2442 Coena
258 2377 396 2459 denique
414 2376 638 2459 gratulatoria,
661 2376 716 2439 ubi
737 2375 770 2440 id
788 2379 925 2457 tempus,
949 2395 1087 2456 operosa
1111 2382 1145 2442 et

91 2487 117 2528 aa
131 2466 252 2549 regalis
276 2464 458 2547 adponitur.
500 2463 545 2527 Flt
568 2468 618 2528 est
636 2464 744 2528 videre
768 2461 853 2545 apud
876 2461 951 2527 illos
975 2463 1144 2530 lasciviam

131 2554 360 2656 barbarorum,
388 2552 541 2617 incubare
564 2552 692 2635 pretiis,
714 2550 857 2615 inludere
880 2553 1008 2639 pretiis,
1033 2553 1089 2618 sed
1112 2558 1146 2616 et

130 2643 217 2707 vesei
240 2642 279 2706 de
302 2640 425 2723 pretiis.

220 2727 622 2812 35.Insequent1tamen
641 2728 692 2792 die
711 2750 784 2793 eum
803 2731 917 2814 regina
931 2730 1079 2797 Candace
1115 2736 1179 2790 XXI

132 2819 352 2884 ostentatione
367 2817 458 2902 regia
471 2816 692 2902 processisset,
710 2821 850 2904 superba
865 2821 1038 2886 admodum
1053 2841 1141 2905 gem·
1163 2822 1178 2873 5

92 2911 220 2973 somate
236 2910 407 2973 stemmate
427 2909 460 2969 et
477 2910 640 2989 gemmato
655 2906 848 2994 diademate,
867 2914 993 2974 statura
1008 2910 1144 2992 auctior,

220 3114 552 3185 8401pleraqueMoi
580 3115 728 3186 plerasque
748 3121 783 3174 A.
822 3121 938 3175 evultn
958 3136 1017 3173 sese
1036 3120 1142 3199 seripsi.

130 3187 224 3243 vultus
242 3204 304 3242 esse
322 3186 359 3240 A.
383 3187 463 3250 vultu
482 3202 592 3254 quoque
611 3204 639 3242 se
657 3188 771 3258 regibus
792 3192 865 3244 Mai.
875 3191 932 3244 Mr.
985 3196 1017 3242 10
1037 3189 1144 3244 eiusce-

130 3259 208 3312 modi
226 3275 276 3314 om.
296 3258 330 3314 P.
369 3262 401 3310 16
422 3256 480 3311 eius
500 3255 635 3324 obsequia
655 3208 707 3311 Pg
727 3265 760 3313 22
780 3260 888 3314 ultione
905 3261 979 3314 Mai.
1006 3257 1144 3313 ultionem

130 3330 204 3385 A.P.
279 3334 313 3382 24
332 3345 449 3397 operosa
467 3328 502 3382 A.
527 3343 612 3396 opera
630 3331 663 3384 P.
737 3337 771 3384 26
790 3331 941 3385 barbarum
960 3329 994 3382 A.
1024 3328 1142 3385 illudere

130 3401 229 3470 pretiis
248 3402 283 3456 A
310 3415 360 3454 om.
383 3399 418 3456 P

220 3471 268 3527 85.
288 3477 323 3526 28
344 3469 524 3526 CandaoisA.
579 3475 614 3524 30
633 3471 798 3526 stemateA.
819 3469 1078 3541 symmateP.sa
1034 3469 1144 3526 sattura

131 3543 223 3597 autior
241 3544 275 3596 A.
305 3542 401 3597 satura
420 3541 529 3597 auctior
549 3539 582 3598 P
