2362 3938
105 222 149 288 22
537 220 646 276 LIBER
664 221 684 274 1.
760 255 763 261 ·

105 385 194 450 mina
217 384 447 470 quadrigarum
476 384 584 451 studio
613 405 750 450 coronae
773 383 910 448 venisse.
956 383 1040 448 Tum
1063 383 1118 449 Ni-

105 473 216 539 colaus
231 473 307 539 felle
327 474 365 538 de
383 474 486 539 nimia
503 473 727 559 indignatione
747 470 899 537 subfusus
913 471 1120 555 despectans·

105 583 168 646 que
205 562 273 626 eius
311 563 488 629 aetatulam
523 583 628 646 neque
664 562 730 626 vim
773 560 873 624 animi
912 560 1119 626 considerans

106 658 302 734 consputum
335 652 613 717 adolescentulum
646 654 679 714 et
710 649 892 713 maledictis
926 650 1122 733 increpitum

78 738 287 825 adereliquit.
332 740 378 804 At
400 761 477 805 vero
501 737 699 821 Alexander,
727 738 782 821 qui
810 737 954 802 omnium
977 737 1122 822 discipli-

104 850 221 893 narum
253 829 485 894 continentiam
518 847 614 912 mage
647 828 812 891 ostentare
846 825 1026 910 didicisset,
1066 826 1121 892 ab·

106 918 218 982 stersit
236 917 408 981 clementer
428 918 644 1000 sputamenta,
667 915 821 979 iniuriam
845 915 1042 999 quinetiam
1068 916 1120 980 ad-

106 1005 213 1070 ridens
233 1005 292 1069 ait:
317 1004 404 1069 ‘Iuro
424 1004 572 1087 equidem
590 1004 660 1087 tibi,
684 1002 840 1087 Nicolae‚’
864 1003 981 1088 inquit,
1005 1003 1120 1088 ‘patris

104 1093 167 1156 mei
199 1095 320 1176 pariter
350 1115 387 1157 ac
415 1093 530 1157 matris
559 1092 778 1172 maiestatem,
807 1095 846 1155 ut
873 1095 906 1155 te
934 1097 967 1157 et
995 1093 1031 1157 in
1060 1094 1120 1158 hoc

64 1202 91 1241 10
104 1181 269 1263 praesenti
283 1181 460 1246 certamine
475 1184 508 1245 et
522 1178 726 1245 Acarnaniae
741 1181 806 1244 telo
822 1180 1004 1264 superabo?
1035 1181 1120 1246 Hinc

104 1268 211 1332 soluta
234 1272 285 1333 cst
307 1268 477 1334 fabulatio.

194 1355 252 1421 12.
276 1355 352 1423 Non
373 1358 477 1422 multo
502 1360 611 1422 autem
629 1361 705 1440 post
728 1379 801 1422 cum
825 1356 892 1421 dics
917 1357 1066 1422 certami·
1102 1364 1170 1419 XIX.

102 1445 155 1509 nis
170 1445 353 1511 advenisset
368 1445 600 1531 aurigandique
613 1444 773 1530 professio
790 1445 897 1510 studio
915 1447 1118 1531 excitaretur,
1137 1450 1160 1500 3.

103 1555 221 1599 novem
245 1535 375 1619 quidem
399 1557 526 1619 omncs,
550 1535 606 1599 sed
629 1535 712 1620 regii
735 1535 866 1600 iuvenes
890 1536 1119 1619 competebant

64 1643 90 1684 15
104 1629 258 1704 quattuor,
282 1646 418 1709 quorum
443 1625 559 1690 sortito
579 1617 702 1708 primus
722 1621 879 1688 Nicolaus
903 1624 1032 1688 adstitit
1054 1647 1120 1689 car-

105 1734 186 1795 cere,
210 1715 369 1779 secundus
388 1712 560 1792 Xanthias,
583 1713 699 1778 tertius
719 1711 844 1792 (limen,
864 1716 998 1797 quartus
1019 1711 1120 1778 Clito·

104 1802 254 1886 machus,
281 1801 443 1868 Balcheus
470 1803 616 1887 quintus,
643 1802 833 1887 Aristippus
861 1823 937 1866 vero
967 1806 1058 1867 sexto
1086 1804 1120 1866 in

104 1890 191 1970 1000,
219 1891 331 1957 Pieros
362 1893 515 1977 septimo,
543 1892 648 1956 Alcan
678 1897 805 1971 octava,
833 1889 1016 1955 Alexander
1044 1894 1120 1975 post

106 2001 233 2045 summo
251 2002 347 2045 nono.
384 1980 429 2044 Hi
452 2003 526 2046 cum
545 2002 585 2044 ex
603 2001 692 2045 more
716 1981 795 2045 artis
815 1984 912 2062 atque
932 1980 1119 2045 certaminis

64 2085 91 2124 ao
106 2067 303 2132 institissent
331 2070 491 2152 curribus,
519 2068 666 2151 lituoque
694 2069 824 2152 signum
848 2068 1056 2133 sollemniter.
1072 2070 1120 2133 in·

104 2159 277 2238 crepasset,
300 2157 407 2220 cuncti
430 2178 496 2220 una
518 2156 704 2240 prosiliunt.
738 2155 915 2218 Enimvero
934 2155 1120 2221 Alexander

104 2244 174 2304 erat
198 2246 331 2325 quartus
356 2265 375 2307 a
398 2245 518 2327 primo,
546 2240 684 2308 Nicolao
708 2242 842 2325 propius
870 2241 1063 2324 insequente
1087 2251 1120 2311 et

104 2350 160 2412 spe
192 2330 351 2394 transitus
385 2335 417 2394 et
445 2331 565 2395 infesto
599 2329 752 2408 consilio,
784 2331 821 2392 ut
854 2328 882 2393 si
912 2335 1120 2411 praetervehi

104 2420 217 2500 queat,
244 2439 311 2482 non
339 2419 462 2502 absque
489 2419 634 2503 periculo
662 2416 840 2482 Alexandri
869 2418 1014 2485 victoriae
1044 2442 1119 2487 con-

64 2506 257 2572 insulturus.
302 2505 340 2569 Id
369 2506 499 2590 quidem
526 2506 621 2571 illum
648 2528 715 2571 non
743 2507 823 2571 satis
847 2507 986 2591 fugerat.
1032 2508 1120 2575 Nam

104 2596 137 2656 et
160 2615 258 2660 causa
283 2594 348 2659 odii
367 2595 604 2680 commonebat,
628 2595 713 2679 quod
737 2595 824 2661 bello
843 2595 974 2663 Nicolai
992 2603 1118 2683 patrem

194 2804 307 2857 lTunc
326 2803 360 2858 P.
415 2803 573 2860 tsuffusue
591 2804 666 2860 A.P.
692 2805 771 2859 rufus
793 2806 824 2859 T.
881 2807 1120 2863 tcontinentium

104 2873 659 3015 ttattdltttssffidtm
678 2876 1118 3004 dctdlstdtffsttic

105 3018 195 3072 storea
213 3016 279 3073 nP.
328 3015 496 3071 'liniuriam
515 3017 582 3085 quin
602 3016 689 3071 etiam
710 3017 741 3072 T.
750 3019 783 3074 P.
812 3018 999 3086 iniuriamque
1018 3019 1053 3071 A.
1082 3018 1118 3071 ir-

104 3086 200 3144 ridens
219 3089 320 3145 Ebert.
370 3086 526 3143 8Nichole
546 3088 588 3142 ait
606 3088 680 3142 PT.
734 3090 854 3157 9qnod,
872 3089 1054 3158 superscripto
1073 3091 1120 3143 vel

105 3163 138 3212 ut
156 3159 192 3214 A.
264 3165 298 3214 10
312 3165 376 3231 post
395 3159 570 3215 ‘certamine’
590 3160 699 3214 videtur
718 3158 812 3213 ‘curru
830 3159 952 3216 vincam’
972 3160 1014 3214 cel
1031 3160 1119 3215 simile

105 3231 173 3298 quid
191 3232 330 3287 excidisse.
362 3232 421 3286 telo
440 3232 515 3286 codd.
541 3229 618 3285 bello
636 3229 737 3285 Eberlc.

194 3301 244 3357 12.
260 3308 294 3356 13
309 3304 443 3358 citaretur
453 3302 522 3359 T.P.
561 3306 594 3354 15
609 3302 741 3370 quattuor
750 3301 840 3370 suppl.
850 3300 909 3354 Mr.
928 3298 1036 3369 primus
1047 3300 1078 3355 T.
1085 3302 1118 3356 P.

104 3369 196 3437 primo
204 3372 240 3427 A.
281 3379 313 3428 16
329 3373 534 3429 secundoAP.
553 3371 638 3428 tertio
646 3372 681 3427 A.
690 3372 724 3429 P.
743 3372 841 3439 quarto
849 3371 885 3425 A.
929 3376 961 3424 17
977 3373 1075 3438 quinto
1083 3374 1118 3427 A.

106 3444 139 3493 19
159 3458 269 3497 summo
287 3459 337 3500 om.
357 3446 393 3501 A.
401 3446 435 3500 P.
468 3444 522 3498 Hic
540 3444 576 3500 A.
609 3439 769 3498 certaminis
786 3457 836 3497 om.
856 3441 889 3496 P.
979 3442 1119 3497 2010000-

103 3515 220 3579 paseent
247 3512 280 3568 P.
389 3520 423 3568 22
452 3519 568 3583 quartus
596 3533 647 3570 om.
674 3515 707 3571 P.
753 3511 882 3583 proprius
913 3511 943 3566 Τ.
978 3513 1056 3583 prius
1083 3516 1118 3568 A.

105 3587 141 3634 24
160 3582 296 3638 victoriae
316 3585 431 3652 addida
450 3587 486 3653 cf.
501 3591 648 3656 112128.
681 3585 809 3642 consulat
826 3585 862 3640 A.
944 3589 979 3639 26
997 3584 1072 3641 vello
1092 3592 1118 3641 1¹.
