2362 3938
399 181 527 237 OBITUS
546 181 768 236 ALEXANDRI.
1025 183 1087 248 161

77 344 276 408 mensuratio
292 348 459 426 comperta
471 344 567 409 nobis
581 344 643 408 hoc
657 344 767 410 modo:
787 344 856 409 dies
872 367 962 410 sacer
976 367 1089 413 cum...

76 433 263 498 convivium
299 433 399 496 etiam
433 432 560 497 celebre
595 431 784 516 exhibebat,
819 432 859 497 ad
894 434 980 517 quod
1014 457 1088 500 con·
1168 482 1169 488 κ

75 522 197 585 rivium
240 523 291 584 tot
334 520 500 604 amphoris
537 522 698 605 repletum
739 541 810 586 esse
850 542 908 586 vas
950 527 1089 590 constat.

75 610 251 674 Enimvero
281 631 337 673 vas
368 609 454 674 istud
482 609 678 692 insculptum
706 613 777 673 erat
805 611 902 692 atque
931 612 1089 676 caelatum

74 698 245 763 navalibus
273 698 423 782 proeliis,
455 719 536 782 quae
562 697 685 761 Xerxes
714 698 799 782 apud
826 698 1114 782 Peloponnesum

75 787 279 852 militaverat.

165 873 223 940 53.
261 874 345 939 Erat
376 875 461 938 inter
493 874 551 938 illa
580 875 761 940 caelamina
793 880 826 939 et
856 876 935 942 sella
965 876 1086 961 regalis
1104 887 1150 937 86.

76 964 201 1046 scalpta
224 964 412 1046 insertaque
431 963 521 1047 operi
545 985 583 1026 ex
606 984 696 1047 auro,
713 964 852 1029 stellata
869 965 1031 1048 lapidibus
1055 969 1088 1031 et

75 1074 112 1115 ex
140 1053 246 1135 pretio
275 1053 423 1136 insignis.
469 1051 681 1134 Impendebat
709 1056 817 1116 autem
845 1053 945 1117 etiarn
973 1054 1087 1119 sellam

75 1141 174 1204 istam
207 1141 334 1224 vertigo
350 1140 525 1224 ,quaedam
560 1140 600 1204 ad
633 1140 763 1205 modum
796 1141 908 1206 mundi
939 1143 1086 1226 figurata,
1101 1163 1127 1203 1o

76 1252 173 1312 quarn
202 1230 308 1311 ipsam
337 1251 464 1312 quoque
491 1250 650 1312 responsa
677 1230 737 1293 sub
765 1231 982 1313 praesentiam
1004 1232 1088 1317 regii

75 1319 210 1400 spiritus
234 1318 311 1381 dare
336 1340 447 1383 omnes
467 1318 591 1401 pariter
614 1317 818 1397 adserebant.
853 1318 992 1402 Propter
1010 1342 1087 1385 vero

75 1427 146 1470 eam
178 1410 228 1470 est
257 1406 321 1471 sita
348 1407 439 1489 lyrae
462 1406 562 1471 facies
591 1428 629 1472 ex
653 1410 722 1471 arte
746 1407 917 1492 eiusmodi,
944 1411 981 1473 ut
1005 1408 1088 1473 nihil

75 1495 220 1559 demutet
244 1496 285 1560 ab
309 1517 347 1559 ea
370 1495 457 1578 lyra,-
486 1516 568 1578 quae
596 1496 640 1559 sit
663 1517 796 1577 canora,
826 1497 872 1559 sic
895 1495 961 1560 ista
989 1497 1088 1560 etiam

75 1583 115 1647 ad
144 1583 326 1648 canendum
353 1583 403 1647 uti
430 1585 552 1668 solent,
583 1582 659 1647 nam
690 1588 722 1647 et
752 1587 867 1665 sponte
897 1584 1087 1668 plerumque
1101 1603 1127 1644 rs

75 1672 194 1755 spiritu
213 1676 335 1736 tactam
355 1693 469 1736 canere
487 1673 571 1736 hanc
586 1672 691 1756 lyram
710 1675 878 1735 noverant.
909 1671 954 1737 Et
972 1671 1087 1736 iuxtim

74 1763 196 1824 viseres
220 1760 324 1824 veluti
347 1761 476 1825 thecam
500 1761 689 1843 poculorum
713 1759 850 1823 sedecim
875 1759 994 1826 cubitis
1021 1781 1087 1824 ere·
1158 1775 1161 1781 ’

74 1854 174 1931 ctam,
203 1872 364 1933 supraque
388 1871 460 1914 eam
483 1851 612 1913 thecam
637 1851 824 1933 congestam
848 1847 991 1932 effigiem
1015 1849 1086 1912 alti·

75 1938 197 2002 tudinis
226 1960 284 2020 per
306 1938 416 2003 cubita
439 1939 608 2024 octoginta
634 1959 699 2001 una
727 1958 801 2000 cum
824 1937 978 2020 gradibus
1002 1940 1087 2002 octo-

76 2028 178 2110 ginta.
219 2026 272 2090 Ibi
295 2026 424 2091 demum
448 2031 481 2092 et
503 2028 578 2092 fons
597 2027 691 2091 fictus
715 2029 774 2110 est,
799 2029 831 2089 et
855 2025 965 2109 aquila
988 2046 1127 2089 aureaao

76 2116 314 2199 supersistebat
346 2115 426 2179 adeo
457 2116 603 2200 effigiata
635 2114 783 2196 daedale,
815 2117 852 2178 ut
881 2113 993 2198 pansis
1027 2114 1087 2178 alis

75 2226 204 2268 omnem
236 2203 325 2267 illius
357 2204 465 2286 operis
498 2205 657 2269 ambitum
688 2205 822 2288 tegeret.
874 2201 1023 2286 Namque
1056 2207 1090 2268 et

76 2292 207 2356 arbores
238 2293 381 2376 scalptae
411 2295 444 2355 et
470 2293 571 2376 myrti
602 2293 761 2375 quaedam
790 2313 939 2357 ramosae
967 2291 1088 2356 ibidem

75 2382 290 2462 notabantur,
320 2401 434 2444 omnes
464 2381 546 2444 istae
577 2381 616 2445 de
646 2403 734 2447 auro.
784 2379 891 2446 Multa
919 2385 1088 2464 praeterea

73 2469 140 2534 illic
163 2470 263 2551 fuere,
287 2491 369 2552 quae
389 2469 541 2553 quoniam
563 2491 666 2552 neque
690 2469 908 2536 abundantiae
932 2492 1010 2535 suae
1032 2490 1086 2533 ne·
1101 2491 1127 2531 aa

76 2580 135 2641 que
175 2557 411 2641 magnitudinis
447 2558 584 2641 pretiive
620 2558 717 2623 facile
754 2557 948 2624 offenderint
982 2557 1088 2641 fidem,

76 2647 546 2819 censedlprldisteddiilpllidlbiim
561 2645 787 2820 1dulildbdladreria
804 2736 866 2801 iret
879 2734 1018 2800 Alexan·
1055 2740 1139 2794 XXX.

75 2822 142 2906 der,
169 2824 287 2886 mirum
313 2828 501 2907 portentum
525 2827 621 2908 atque
647 2824 777 2889 evidens
803 2823 843 2887 ad
869 2824 991 2887 exitum
1016 2822 1087 2888 fuit.
1105 2825 1151 2875 37.
1177 2906 1180 2908 q

74 2911 232 2976 Nuntiata
252 2913 370 2996 quippe
389 2915 439 2976 est
461 2912 577 2978 mulier
594 2912 718 2979 foetum
738 2912 897 2977 eiusmodi
914 2911 1127 2996 peperissem

165 3057 176 3111 1
199 3049 245 3104 die
264 3050 334 3104 sacri
352 3051 388 3106 A.
416 3057 481 3119 post
501 3051 587 3106 ‘cum'
609 3051 716 3118 aliquid
734 3050 866 3104 eccidisse
883 3049 1005 3103 cidara:
1027 3063 1086 3100 cer-

74 3119 244 3174 taminibus?
269 3123 311 3175 oet
336 3123 483 3189 ageretur?
561 3119 706 3175 acelebre
732 3135 801 3175 corr.
827 3134 861 3173 erc
885 3117 1027 3172 celebrare
1050 3118 1085 3172 A.
1167 3135 1173 3144 ·

75 3196 90 3242 ὁ
110 3192 332 3259 peloponensum
350 3193 426 3247 AP.

163 3263 213 3318 ta.
229 3266 303 3316 14nt
313 3264 348 3317 ab
357 3263 498 3330 ealyraA.
514 3276 585 3330 quae
594 3262 617 3315 si
626 3277 740 3315 canora:
756 3258 887 3336 sicistarn
894 3258 980 3312 etiarn
988 3256 1087 3324 spiritu

73 3335 180 3386 tactam
196 3349 296 3386 canere
307 3334 338 3388 P.
377 3338 410 3388 15
426 3334 518 3388 solent
528 3333 599 3387 Mai.
618 3333 691 3387 solet
699 3332 735 3387 A.
774 3335 807 3384 16
823 3328 935 3397 spuitui
948 3331 1041 3381 actam
1049 3327 1086 3382 A.

75 3409 107 3456 1⁷
123 3405 227 3457 viseres
237 3405 272 3457 A.
292 3406 366 3458 vires
377 3405 411 3459 P.
451 3410 483 3460 17
498 3404 665 3473 populorum
675 3403 709 3456 P.
746 3407 781 3455 20
795 3399 933 3468 aquilaA.
949 3398 1045 3465 aliqua
1052 3399 1086 3452 P.

163 3473 213 3529 54.
236 3480 271 3527 28
296 3491 315 3528 a
337 3473 494 3544 Babylonio
519 3475 577 3529 iam
602 3475 647 3528 ret
672 3474 706 3529 P.
742 3470 926 3541 Babyloniam
950 3469 1005 3524 iret
1030 3469 1087 3526 Mr.

73 3549 106 3597 29
127 3543 229 3597 mirum
249 3547 279 3598 et
296 3547 460 3614 portentum
469 3546 505 3600 A.
526 3545 642 3600 exitium
651 3545 688 3600 A.
730 3549 764 3600 30
782 3542 872 3596 fetum
882 3540 915 3597 P.
935 3542 1040 3598 facturn
1051 3541 1087 3595 A.

126 3642 214 3682 Iunrus
228 3643 362 3684 varamus.
894 3637 927 3686 ll
