2362 3938
308 203 414 239 notum
427 202 534 240 norunt
547 202 645 240 nuncu.
664 187 685 240 Ι.
706 190 817 240 15-21.
979 186 1040 251 571

86 335 176 407 ipsum
197 331 242 388 lex
264 332 346 388 tetta
369 332 460 391 Sentia
482 333 554 390 iacit.
604 330 648 391 15.
674 326 786 390 1Eadem
808 333 852 391 ica
873 335 902 390 iu
923 334 1044 390 fraudem

86 416 265 473 ’creditorum
279 419 326 474 atel
334 411 347 450 ²
361 417 468 489 patroni
482 418 670 473 manumittere
686 417 821 490 prohibet.

36 504 77 554 ιιι]
149 496 196 559 16.
220 491 291 566 ³Qui
313 508 419 556 tautum
433 501 461 555 iu
476 500 569 566 bonis,
593 517 647 556 nou
670 503 751 557 etiam
772 517 804 557 ex
824 503 886 558 iure
901 499 1043 568 Quiritium

86 599 195 641 seruum
210 582 301 649 hahet,
319 584 533 641 manumittendo
548 583 671 640 Latinum
687 585 758 641 iacit.
802 584 831 640 ln
846 584 923 641 bonis
940 592 1044 641 tantum

87 668 198 724 alicuius
214 683 312 724 seruus
329 676 371 724 est
388 667 463 724 uelut
478 669 530 724 hoc
545 667 642 737 modo,
663 670 686 723 si
709 669 776 724 ciuis
791 667 925 726 Romanus
947 668 972 724 ’a
985 671 1044 726 ciue

87 745 227 809 Romano⁴
248 767 360 808 seruum
382 753 491 823 emerit,
514 754 593 824 isque
614 751 728 808 traditus
744 753 769 808 ei
791 755 836 823 sit,
852 769 939 824 neque
956 761 1044 809 tamen

87 837 253 910 mancipatus
269 837 312 907 ei,
328 851 417 908 neque
433 837 460 890 in
476 837 534 892 iure
550 851 652 905 cessus,
668 852 756 909 neque
771 835 803 891 ab
819 837 878 908 ipso
895 852 965 892 anuo
980 853 1044 909 pos·

86 936 179 976 sessus
194 921 241 976 sit.
279 935 342 975 nam
358 918 484 992 quamdiu
500 920 596 976 horum
613 919 677 992 quid
693 918 780 990 ³(non)
796 913 851 985 fici
866 921 889 975 is
905 936 1001 976 seruus
1016 922 1044 975 in

86 1003 164 1060 ironis
187 1002 298 1076 quidem
320 1003 477 1076 ’emptoris,
499 996 557 1062 ex⁶
582 1004 645 1060 iure
670 1002 812 1070 Onlritium
840 1011 929 1060 autem
951 1002 1044 1060 uendi-

87 1089 156 1146 toris
171 1093 224 1145 est.

149 1165 203 1234 tt..
216 1164 345 1242 ⁷iiulier,
368 1173 478 1243 quaein
494 1171 578 1227 tutela
594 1178 651 1236 est,
672 1171 737 1227 item
751 1170 870 1243 pupillus
893 1177 921 1227 ει
943 1171 1043 1245 pupilla

86 1245 166 1331 'initi
180 1262 275 1312 tutore
290 1247 442 1327 αιιειονε)8
457 1256 645 1311 manumittere
661 1269 715 1309 non
730 1264 855 1328 possunt.

149 1335 196 1396 18.
218 1332 416 1395 ⁹Commuucm
438 1354 548 1395 seruum
571 1355 640 1393 uuus
656 1354 688 1394 ex
703 1337 816 1394 dominis
832 1339 1043 1397 manumittendo

88 1430 193 1496 partem
219 1439 297 1480 suam
323 1423 437 1493 amittit,
459 1439 544 1495 eaque
567 1422 698 1478 adcrescit
720 1423 809 1490 socio;
832 1425 943 1478 maxime
965 1425 989 1478 si
1011 1439 1043 1478 co

89 1508 169 1564 modo
183 1505 385 1577 manumiserit,
402 1522 472 1579 quo,
488 1507 511 1562 si
525 1507 663 1579 proprium
682 1498 687 1582 Ι
707 1504 827 1577 haberet,
844 1504 1151 1572 ciuemRoma·191bpi

89 1606 153 1646 nom
176 1590 298 1647 iacturus
315 1597 398 1647 esset.
436 1606 496 1646 uam
519 1592 541 1645 si
563 1592 635 1644 inter
655 1592 755 1645 amicos
771 1605 832 1645 eum
847 1588 1043 1661 manumiserit,

91 1675 228 1748 plerisque
250 1673 356 1748 placet,
378 1690 441 1729 eum
463 1673 529 1729 nihii
552 1674 650 1746 egisse.
695 1669 741 1730 to.
766 1666 916 1745 ¹⁰Seruus,
939 1675 967 1730 iu
990 1689 1044 1747 quo

91 1758 201 1815 alterius
227 1765 270 1815 est
296 1757 484 1827 ususfructus,
506 1757 616 1812 alterius
642 1759 809 1830 proprietas,
834 1774 849 1813 a
872 1758 1044 1830 proprietatis

92 1841 200 1898 domiuo
215 1842 395 1897 manumissus
410 1840 478 1896 iiber
487 1857 542 1897 non
554 1839 592 1903 tit,
605 1840 652 1897 sed
664 1857 760 1896 seruus
773 1843 831 1896 sino
843 1840 952 1896 domino
964 1834 1043 1896 est.¹¹

154 1921 206 1982 20.
229 1918 322 1981 ¹²Post
337 1933 451 1980 mortem
467 1924 573 1980 heredis
589 1933 635 1980 aut
650 1933 712 1979 ante
727 1925 923 1978 institutionem
937 1923 1045 1978 heredis

95 2015 253 2065 testamento
268 2007 379 2064 libertas
394 2008 451 2063 dari
464 2023 519 2082 non
531 2017 631 2083 potest,
644 2015 756 2080 excepto
769 2013 930 2063 testamento
943 2006 1045 2063 militis.

93 2087 136 2150 tt.
156 2091 229 2149 later
242 2092 343 2148 medias
359 2091 488 2148 heredum
503 2093 688 2148 institutiones
709 2090 816 2146 libertas
839 2089 900 2146 data
921 2092 1045 2164 utrisque

94 2174 252 2232 adeuntibus
266 2192 323 2232 non
339 2167 461 2243 ualet3¹³
481 2174 542 2230 solo
559 2183 647 2231 autem
663 2177 754 2248 priore
769 2175 884 2231 adeunte
904 2176 962 2230 iure
977 2177 1045 2231 anti·

94 2275 146 2332 quo
156 2254 181 2294 ¹⁴
197 2259 279 2316 ualet.
312 2258 360 2315 sed
375 2267 439 2332 post
453 2258 543 2332 legem
559 2259 663 2332 Papiam
678 2258 842 2332 Poppaeam,
860 2275 927 2331 quae
942 2267 1046 2332 partem

95 2359 147 2400 nou
163 2343 288 2401 adeuntis
305 2341 430 2399 caducam
444 2341 527 2415 iacit,
548 2343 572 2398 si
594 2341 703 2414 quidem
718 2344 820 2416 primus
842 2343 920 2399 heres
935 2335 988 2399 'uei
1003 2345 1044 2398 ius

164 2543 185 2613 ¹)
202 2547 240 2609 Cf.
258 2545 315 2596 Gai.
330 2558 351 2608 1,
365 2557 398 2597 ιι.
413 2557 447 2598 tt.
500 2542 521 2610 ³)
536 2547 662 2596 creditoris
676 2554 700 2596 et
719 2545 777 2596 ναι.
793 2545 906 2610 (factum
919 2562 953 2596 eac
967 2547 1045 2597 credi·

91 2625 136 2669 tor.
151 2617 201 2682 uei)
216 2617 273 2667 edd.
295 2616 334 2680 Cf.
352 2615 408 2666 Gai.
424 2618 439 2665 l.
456 2633 478 2666 c.
530 2613 605 2682 θ)0[.
623 2616 679 2667 Gai.
696 2630 715 2675 1,
730 2613 779 2668 81¹³.
794 2627 828 2668 85.
849 2616 892 2666 di.
908 2617 1007 2666 Dositd.
1024 2630 1044 2669 9.

92 2716 125 2725 -
142 2687 199 2738 cat.
215 2699 236 2746 a,
248 2699 284 2737 41.
300 2697 347 2738 204.
412 2684 432 2751 ⁴)
449 2686 541 2743 Recte,·
560 2703 618 2736 nam
631 2690 656 2736 ai
669 2703 686 2736 a
700 2688 856 2752 peregrino,
875 2702 910 2736 eac
924 2689 981 2736 iure
999 2685 1044 2747 Qu.

89 2773 182 2809 cernue
191 2759 224 2821 fit
236 2758 372 2821 emptoria,
386 2759 447 2820 quia
461 2765 512 2806 tum
527 2759 584 2807 iure
599 2759 639 2807 rei
653 2773 699 2808 nec
713 2759 826 2820 mancipi
844 2757 986 2807 censendus
999 2766 1045 2807 est.

91 2830 129 2893 Cf.
147 2829 192 2878 Fr.
213 2828 271 2877 Vat.
286 2839 321 2879 tt.
382 2826 403 2892 ⁵)
419 2828 459 2876 fiat
478 2827 535 2876 Vnt.
549 2829 607 2877 edd.
630 2827 866 2891 Superscriptumti
883 2827 1005 2878 vocabulo
1020 2829 1046 2876 stt

89 2915 208 2950 errorem
218 2899 339 2962 peperit,-
353 2913 410 2947 nam
426 2894 569 2960 ‘quamdiu'
590 2897 715 2961 Ulpianus
725 2899 866 2948 indicativo
877 2900 996 2961 copoiot‚·
1010 2899 1044 2960 cf.

88 2982 108 3029 ι,
118 2982 140 3021 a.
156 2981 192 3033 ιο,
202 2981 224 3020 ι.
239 2980 275 3028 28,
285 2980 307 3020 it.
359 2964 379 3030 ⁶)
395 2968 509 3031 emptoris
524 2975 572 3018 eet
586 2966 661 3033 (mole
673 2970 803 3034 geminato
818 2967 841 3033 e)
861 2969 919 3016 Vnt.
931 2968 1045 3028 emptoris

87 3050 132 3104 est,
148 3040 251 3090 caedri.
305 3035 326 3102 ²)
343 3037 381 3100 Cf.
394 3037 436 3087 dir.
448 3038 546 3088 Dooitlr.
561 3049 595 3089 15.
616 3039 688 3102 infra
698 3052 732 3102 11,
742 3051 776 3090 at.
828 3037 849 3102 8)
864 3038 975 3086 destitui
990 3034 1044 3082 FtI.

84 3124 174 3176 pert.
229 3107 250 3174 ⁹)
268 3108 307 3172 Cf.
324 3107 368 3156 di.
384 3108 482 3158 Doeitt.
499 3120 532 3159 10.
553 3109 663 3167 Pautr,
680 3121 711 3161 ra.
728 3111 768 3171 ξς.
783 3121 803 3159 1.
819 3120 838 3159 5.
897 3103 928 3168 ¹⁰)
946 3103 983 3165 Of·
1003 3103 1045 3152 Fr.

85 3182 188 3233 Doaitlt.
209 3193 244 3232 ιι.
314 3174 348 3243 ¹¹)
368 3178 432 3228 Cave
451 3194 507 3229 cum
526 3179 679 3229 Mommaeno
694 3187 782 3242 puteo,
803 3177 866 3224 doec
885 3173 1046 3229 desiderari:

86 3252 181 3304 ‘donec
195 3257 284 3301 manet
299 3249 478 3311 ususfructus:
495 3264 544 3313 quo
556 3251 630 3312 finito
645 3249 755 3298 Latinus
769 3241 904 3308 efficitur'.
937 3243 997 3293 Vid.
1014 3245 1045 3294 L.

82 3338 150 3389 tpr.
168 3323 196 3373 0.
213 3336 304 3371 comm.
320 3319 351 3368 de
366 3335 431 3368 man.
451 3317 486 3384 (t,
502 3317 537 3385 to)
556 3327 588 3368 et.
599 3333 645 3369 noe
664 3320 699 3368 ad
718 3317 760 3365 tt.
777 3315 876 3364 Dositlt.
892 3327 916 3365 11
928 3316 974 3377 fio.

83 3393 115 3463 11)
133 3395 174 3458 Cf.
193 3392 255 3444 Gai.
271 3401 293 3447 ι,
309 3400 357 3440 2³0.
372 3400 418 3440 tta.
472 3384 503 3453 ¹³)
522 3387 588 3449 Quia
597 3404 649 3452 pro
660 3395 736 3452 porte
751 3393 848 3435 tantum
862 3392 921 3434 ante
936 3387 1048 3436 instituti

77 3476 102 3517 et
111 3467 188 3531 sacti
202 3461 316 3514 teredio
334 3458 376 3523 (ab
395 3459 468 3509 adita
486 3462 552 3508 enim
570 3460 711 3509 hereditate
730 3457 859 3506 dicacior
880 3454 957 3520 cedit)
977 3465 1047 3507 recte

77 3540 140 3590 data
154 3543 206 3596 eet,
222 3547 274 3583 nec
286 3544 340 3594 pro
351 3536 428 3592 parte
442 3538 584 3594 competere
596 3534 686 3594 potest.
753 3525 785 3594 ¹⁴)
802 3528 818 3576 i.
833 3542 855 3576 e.
869 3527 1039 3577 accrescendi
