2362 3938
124 221 168 285 22
469 214 799 272 enumerantem

126 369 194 431 talia
216 386 271 449 per
289 369 434 432 lacrimas.
481 374 511 427 et
532 368 591 427 iam
615 352 949 446 circumspiciamus,
1058 358 1060 362 ’

124 459 299 539 praeueniat
321 476 381 538 quo
404 458 461 517 fine
485 457 593 537 minas,
616 473 690 534 quae
714 454 772 515 iata
796 462 931 533 capessat

126 548 214 627 digna
237 551 322 610 satis:
344 563 466 626 magnos
489 544 588 605 obitus
611 552 772 622 natumque
795 543 978 623 domumque

126 646 156 698 et
179 655 274 716 genus
297 635 431 697 Aeolium
453 640 641 714 pugnataque
664 650 789 713 poscere
812 631 897 692 bella.
931 680 934 684 .
1088 642 1128 694 tlt

126 734 170 786 est
195 728 284 788 etiam
307 733 375 786 ante
399 721 501 784 oculos
524 740 633 783 aeuum
655 721 738 782 rudis
762 719 853 782 altera
875 719 987 803 proles,

125 816 262 894 ingentes
286 816 398 875 animos
422 821 452 873 et
475 812 563 872 sortia
585 811 700 872 discere
724 809 800 870 iacta

127 921 216 982 quem
238 903 313 965 uelit
335 901 431 981 adque
455 900 526 960 olim
548 900 601 960 leti
622 901 793 960 meminisse
816 901 942 978 paterni.

126 1009 198 1070 ergo
222 1010 306 1053 sacra
329 999 428 1051 nouat.
474 991 586 1050 ueteris
610 987 665 1049 suh
689 994 776 1048 nocte
801 990 936 1067 cupressi

126 1077 264 1140 sordidus
287 1088 317 1140 et
340 1079 432 1140 mtdta
454 1076 568 1156 pallens
591 1078 743 1156 ferrugine
766 1084 871 1137 taurus
1089 1083 1130 1136 tlt

126 1167 223 1229 stabat
246 1166 355 1248 adhuc,
378 1167 427 1226 cui
451 1163 603 1225 caeruleae
626 1183 682 1244 per
706 1183 817 1226 cornua
840 1166 932 1225 uittae

126 1263 156 1317 et
178 1256 238 1315 taxi
262 1255 345 1314 irons
367 1253 446 1314 hirta
469 1254 575 1334 comis3
597 1255 661 1332 ipse
685 1272 774 1332 aeger
797 1252 938 1314 anhelans

125 1344 333 1423 inpatiensque
356 1340 415 1402 loci
437 1343 561 1419 uisaque
586 1344 747 1402 exterritus
770 1341 883 1403 umbra,

126 1430 220 1511 [harno
244 1431 300 1492 sibi
323 1431 518 1512 praecipuum
541 1432 639 1509 gentis
657 1430 694 1491 dc
717 1449 801 1491 more
824 1429 968 1491 nefandae

125 1520 275 1582 Thessalis
298 1522 329 1581 in
353 1538 436 1581 seros
456 1518 532 1580 Ditis
555 1528 730 1581 seruauerat
753 1517 849 1596 usus]
1090 1526 1133 1578 tto

124 1610 209 1672 illum
231 1610 283 1688 ubi
306 1611 431 1670 terrifici
454 1627 612 1688 superesse
635 1610 667 1669 in
690 1617 824 1687 tempore
849 1609 925 1666 sacri

125 1701 293 1780 conspexit,
317 1700 420 1760 statuit
442 1698 501 1758 leto
526 1714 723 1778 supremaque
748 1697 827 1756 satur

124 1788 188 1867 ipse
213 1805 301 1848 manu
325 1795 450 1866 tangens
473 1786 602 1847 damnati
625 1802 737 1845 cornua
761 1786 852 1845 tauri:

125 1870 205 1957 ‘uos‚
228 1874 338 1955 quibus
360 1877 520 1955 imperium
542 1874 623 1936 louis
646 1881 676 1934 et
699 1891 759 1934 non
782 1891 873 1952 segne
896 1881 1055 1951 peractum

126 1963 202 2025 lucis
220 1966 292 2046 iter',
315 1963 388 2024 mihi
411 1963 556 2045 consiliis,
579 1962 652 2023 mihi
676 1963 793 2041 cognita
814 1960 901 2021 bellis
1091 1969 1135 2022 tat

124 2055 245 2114 nomina
267 2070 443 2132 magnorum
465 2052 542 2113 fama
564 2059 679 2112 sacrata
701 2058 856 2131 nepotum3

125 2149 233 2222 tuque,
256 2143 351 2201 excite
375 2158 483 2220 parens
507 2140 635 2221 umbris,
658 2147 692 2200 ut
715 2147 817 2200 nostra
839 2138 959 2198 uideres

125 2230 231 2290 funera
255 2236 285 2289 et
308 2227 416 2289 oblitos
440 2247 583 2309 superum
605 2236 742 2309 paterere
766 2228 893 2306 dolores,
952 2286 956 2295 ,

126 2316 162 2377 da
184 2315 316 2396 placidae
339 2317 412 2377 mihi
436 2317 515 2378 sedis
538 2318 596 2376 iter
618 2333 726 2394 meque
749 2315 846 2377 hostia
869 2316 981 2375 uestris

124 2403 263 2465 conciliet
285 2406 447 2483 praemissa
469 2405 551 2465 locis.
597 2412 644 2484 tu,
667 2406 770 2464 nuntia
794 2411 914 2465 sontum
1092 2413 1140 2464 ‘190

124 2492 212 2569 ulrgo
235 2490 313 2572 Ioui,
337 2500 433 2551 terras
456 2491 550 2552 oculis
574 2510 649 2571 quae
672 2495 819 2571 prospicis
842 2492 954 2571 aequis,

124 2579 307 2656 ultricesque
331 2579 403 2639 deae
427 2579 543 2658 Fasque
567 2588 596 2639 et
619 2580 786 2658 grandaeua
809 2581 959 2641 Furorum

125 2665 225 2727 Poena
243 2685 365 2748 parcns,
389 2669 489 2728 meriti
512 2669 591 2746 regis
615 2669 765 2729 succedite
789 2671 877 2730 tectis

124 2763 156 2815 et
179 2772 283 2815 saeuas
305 2755 414 2816 inserte
438 2755 527 2816 iaces.
573 2774 657 2816 sacer
681 2757 771 2818 effera
795 2766 892 2837 raptet

124 2843 214 2904 corda
236 2861 343 2924 pauor;
366 2862 422 2904 nco
445 2843 507 2905 sola
530 2847 589 2906 mei
611 2846 713 2924 grauia
736 2846 837 2907 adfore
862 2848 923 2905 nati
1091 2856 1140 2908 ‘195

123 2950 205 2994 arma
228 2940 381 3012 ratemque
404 2941 503 3013 putet:
526 2933 636 2995 classes
660 2941 690 2994 et
712 2934 837 2996 Pontica
850 2937 944 3013 ,signa
1018 2989 1021 2996 ,

123 3022 219 3102 adque
242 3021 410 3102 indignatos
433 3031 577 3085 temerato
601 3024 687 3084 litore
711 3042 798 3103 reges

123 3119 223 3171 mente
246 3113 338 3191 agitet
361 3130 538 3192 semperque
562 3119 644 3174 metu
668 3112 808 3173 decurrat
831 3113 866 3172 ad
889 3112 984 3172 undas

123 3213 204 3259 arma
228 3201 323 3279 ciens3
346 3217 428 3260 mors
451 3218 518 3260 sera
540 3203 620 3261 uiam
643 3208 844 3279 temptataque
867 3198 984 3258 claudat

123 3284 232 3363 effugia
254 3295 285 3347 et
308 3296 425 3348 nostras
448 3295 577 3366 nequeat
599 3305 795 3368 praecurrere
819 3287 907 3364 diras,
1089 3298 1142 3350 800

123 3369 176 3430 sed
199 3373 326 3435 reduces
349 3377 548 3456 iamiamque
573 3378 655 3436 uiros
679 3391 812 3452 auroque
836 3388 996 3431 coruscum

122 3466 227 3517 cernat
249 3461 315 3522 iter.
361 3462 444 3523 stabo
467 3464 613 3524 insultans
636 3470 666 3523 et
689 3460 808 3521 ouantia
831 3465 934 3518 contra

124 3562 177 3605 ora
199 3563 364 3626 manusque
389 3550 490 3611 ieram.
536 3559 613 3631 tum,
636 3546 723 3610 uobis
746 3547 851 3625 siquod
874 3547 1013 3608 inausum
