2362 3938
326 109 619 167 ARGONAUTICON
635 111 747 168 LIBER
763 111 811 166 VI.
1032 111 1094 176 121

78 259 260 342 agminibus,
282 260 370 320 modo
394 263 528 339 cognatis
546 269 677 322 ostentat
700 259 829 321 Achiuis.

79 348 253 428 adquehos
275 351 307 409 in
329 348 427 408 medio
450 347 520 408 duri
542 349 713 411 discrimine
736 347 807 408 belli
1043 361 1096 410 545

80 436 220 498 caedibus
242 438 333 516 inque
357 439 431 516 ipsis
453 436 586 516 gaudens
608 437 661 499 ubi
679 437 756 499 uidit
778 436 874 518 lason,

82 519 202 587 ‘macte'
226 527 267 587 ait
290 521 319 586 ‘o
343 533 481 586 nostrum
502 544 598 604 genus
621 535 653 587 et
675 529 734 587 iam
757 534 839 587 certa
860 543 993 606 propago

80 614 196 676 Aeoliae
220 632 275 674 nec
298 616 386 693 opina
409 612 528 695 domus3
552 623 597 676 sat
619 633 724 694 magna
747 613 883 676 laborum

81 705 156 764 dona
178 703 257 784 fero,
280 704 352 762 satis
374 702 431 763 hoc
455 704 523 763 uisu
541 721 746 784 quaecumque
770 697 922 783 rependo?

81 791 153 852 dixit
176 792 261 852 etin
285 790 398 851 Sueten
421 793 579 870 magnique
602 792 717 853 inlata
741 792 878 853 Ceramni
1043 802 1096 853 odo

82 882 208 941 emicuit
231 879 418 958 clipeumque
442 887 544 940 rotans
567 879 647 941 hunc
669 880 781 961 poplite
805 899 891 940 caeso

83 969 185 1049 deicit,
207 966 292 1028 illum
314 969 415 1046 aperit
437 966 496 1028 lato
518 986 574 1047 per
595 977 703 1048 pectus
725 969 816 1030 hiatu.

82 1058 178 1136 Argus
202 1064 363 1135 utrumque
387 1055 423 1116 ah
447 1058 533 1135 equis
555 1058 670 1137 ingenti
691 1059 819 1137 porrigit
841 1075 919 1130 aruo¹

83 1152 111 1205 et
138 1143 284 1206 Zacorum
310 1152 341 1204 et
363 1143 505 1224 Phalcen,
534 1144 666 1223 peditem
691 1146 785 1226 pedes
811 1145 912 1207 haurit
938 1146 1096 1206 Amastrin.

84 1235 236 1312 sanguinis
257 1231 307 1293 ille
331 1231 434 1312 globos
457 1234 610 1313 effusaque
634 1237 752 1296 uiscera
775 1243 871 1315 gestat
1045 1244 1096 1294 555

81 1319 226 1382 barbarus
249 1329 280 1382 et
302 1339 386 1381 cassa
408 1321 550 1382 frendens
573 1322 742 1384 sublabitur
764 1325 817 1383 ira.

82 1410 130 1471 dat
153 1408 249 1470 Calais
272 1408 426 1470 Barisanta
449 1413 516 1470 neci
540 1429 717 1490 semperque
740 1413 923 1490 propinquas

82 1497 195 1577 Riphea
216 1497 315 1558 uenali
338 1500 528 1559 comitantem
551 1501 694 1580 sanguine
716 1517 832 1578 pugnas

83 1579 219 1668 (centum
241 1586 318 1646 lecta
340 1585 432 1646 houm
454 1586 579 1648 bellator
602 1605 737 1669 corpora,
760 1593 880 1647 centum

81 1682 186 1754 pactus
210 1693 316 1757 equos3
339 1673 386 1735 his
409 1674 458 1736 ille
482 1677 609 1736 animam
632 1677 788 1754 lucemque
812 1673 949 1753 rependit

82 1763 225 1844 crudelis3
248 1762 368 1824 tandem
390 1763 493 1846 dulces
516 1767 575 1824 iam
598 1783 701 1826 cassus
724 1767 755 1824 in
779 1781 866 1824 auras

82 1853 205 1931 respicit
227 1871 261 1912 ac
284 1851 364 1912 nulla
387 1853 503 1913 caelum
526 1853 690 1932 reparabile
714 1846 812 1934 gaza);

81 1939 193 2000 labitur
215 1941 343 2002 intortos
365 1959 421 2020 per
443 1950 577 2021 tempora
600 1941 718 2002 caerula
741 1943 839 2001 crines

82 2036 154 2089 tunc
179 2046 297 2107 quoque
320 2037 455 2090 materna
477 2030 594 2091 uelatus
617 2029 782 2091 harundine
806 2027 936 2089 Peucon.

83 2125 112 2178 at
134 2119 271 2197 genetrix
293 2119 361 2180 imis
382 2120 496 2199 pariter
518 2118 642 2180 Maeotis
666 2117 702 2180 ab
720 2119 813 2180 antris

26 2200 28 2205 ’
82 2207 218 2289 impleuit
238 2210 380 2290 plangore
403 2208 486 2272 lacus
508 2218 669 2290 natumque
693 2210 822 2290 uocauit,

82 2299 141 2358 iam
164 2316 224 2358 non
246 2318 302 2379 per
320 2301 414 2381 ripas,
436 2302 495 2362 iarn
518 2318 578 2361 non
600 2317 655 2379 per
678 2315 771 2359 curua
794 2295 944 2357 uolantem

85 2395 189 2465 stagna
212 2406 268 2449 nec
290 2391 322 2449 in
345 2389 443 2450 medio
466 2396 655 2451 truncantem
678 2404 824 2448 marmore
848 2402 964 2446 ceruos.

76 2464 215 2554 Eurytus
237 2475 395 2539 Exomatas
417 2483 478 2560 agit
500 2498 638 2560 aequore.
683 2478 818 2538 Nestoris
841 2474 942 2535 hastae

82 2566 254 2626 immoritur
276 2569 448 2645 primaeuus
471 2568 566 2651 HeHx,
589 2587 645 2629 nec
668 2567 766 2629 reddit
789 2572 885 2626 amato

82 2653 267 2714 nutrimenta
288 2659 367 2734 patri
389 2656 534 2719 breuibus
557 2666 679 2737 ereptus
702 2659 734 2717 in
756 2656 850 2715 annis.

82 2748 113 2801 at
135 2737 278 2804 Latacum
301 2743 462 2825 Zetemque
485 2744 610 2826 Daraps3
633 2746 717 2806 illum
740 2745 850 2822 excipit
872 2742 965 2823 hasta,

82 2827 132 2888 hic
155 2828 246 2911 fugit,
268 2834 422 2911 ingentem
445 2834 536 2895 subiti
559 2852 627 2896 cum
650 2834 803 2911 sanguinis
825 2830 936 2890 undam

82 2917 160 2978 uidit
183 2928 214 2982 et
237 2928 371 2982 extremo
394 2922 524 2984 lucentia
546 2931 668 3002 pectora
690 2921 779 2980 ferro.

126 3005 207 3067 Ecce
231 3017 331 3070 autem
353 3013 448 3072 muris
470 3010 606 3072 residens
629 3009 732 3070 Medea
753 3007 886 3086 paternis

82 3095 202 3174 singula
224 3096 296 3158 dum
315 3101 415 3179 magni
436 3099 545 3161 lustrat
567 3100 728 3160 certamina
751 3093 820 3156 belli

82 3183 181 3263 adque
203 3183 259 3246 hos
282 3188 346 3266 ipsa
368 3187 474 3266 procul
497 3186 589 3248 densa
611 3189 642 3247 in
666 3186 790 3265 caligine
813 3200 899 3261 reges

82 3275 218 3352 agnoscit
241 3277 417 3355 quaeritque
440 3276 514 3336 ahos
536 3274 649 3336 lunone
673 3277 821 3355 magistra,

82 3366 233 3444 conspicit
255 3364 416 3424 Aesonium
439 3364 526 3443 longe
550 3372 652 3444 caput,
676 3381 710 3423 ac
734 3359 821 3424 simul
844 3378 928 3421 acres

81 3450 141 3512 hnc
164 3451 271 3513 oculos
294 3469 459 3530 sensusque
483 3452 577 3513 refert
599 3454 789 3530 animumque
813 3451 971 3529 fauentem,
1049 3460 1102 3509 580
