2362 3938
421 170 536 226 AOTUS
557 170 778 227 ALEXANDRI.
1053 172 1094 236 73

78 335 153 398 viri!
183 334 292 417 placet
320 333 404 397 eninr
432 333 467 397 in
489 335 655 417 praesenti
678 356 736 399 vos
763 334 824 399 hac
852 336 1014 399 communi
1037 357 1094 400 no·

80 429 187 488 strum
213 422 428 505 appellatione
451 423 634 507 nominare,
660 427 697 486 ut
725 422 848 487 scilicet
876 424 935 487 sub
964 424 1094 488 nomine

80 511 229 577 adfectus
257 509 441 574 huiusmodi
471 511 612 595 intelligi
638 511 820 595 promptius
850 510 907 595 sit,
938 511 1093 595 quidquid

80 600 226 664 omnium
256 598 379 683 dixero,
407 598 440 662 id
470 620 536 664 non
570 621 642 663 meo
676 620 770 684 mage
801 621 897 683 quam
930 601 1094 664 communi

80 689 207 753 scilicet
235 690 377 752 vestrum
405 687 573 752 commodo
601 688 814 771 profuturum.
860 686 980 771 Agitur
1008 689 1120 752 enims

61 777 161 842 ·haec
187 776 288 859 curia,
320 779 357 840 ut
381 775 488 858 video,
518 797 615 860 super
639 779 794 859 tractatu,
821 778 972 840 utrumne
1001 777 1093 841 vobis
1117 784 1122 794 ’

78 887 172 931 arma
203 864 374 928 adversum
402 863 620 928 Alexandrum
650 865 716 928 sint
746 865 914 947 sumenda,
945 887 987 929 an
1016 887 1092 930 vero

78 953 175 1019 nobis
200 953 269 1016 eius
298 951 541 1018 condicionibus
571 952 820 1035 obsequendum.
864 953 904 1017 In
932 976 994 1037 quo
1024 954 1092 1038 qui·

79 1043 154 1106 dem
179 1040 328 1106 accedere
351 1063 402 1104 me
421 1041 615 1125 laudareque
634 1040 788 1105 Aeschini
807 1043 1003 1106 sententiam
1025 1064 1094 1107 non

79 1130 224 1215 segniter
243 1129 428 1212 profitebor.
464 1128 552 1194 Usus
576 1133 626 1194 est
649 1129 737 1209 enim,
754 1131 901 1195 oratione
920 1131 1092 1195 admodum
1106 1151 1132 1191 10

79 1220 229 1282 modesta
248 1221 281 1281 et
299 1219 606 1301 temperantissima,
624 1240 663 1281 ex
682 1240 744 1302 qua
758 1217 884 1283 videtur
902 1241 1005 1304 neque
1020 1221 1094 1285 viri-

78 1308 140 1371 bus
164 1306 286 1371 nostris
315 1306 472 1390 diffidere,
500 1307 528 1371 si
556 1306 741 1371 bellandum
764 1306 862 1391 foret,
891 1330 996 1392 neque
1020 1330 1094 1374 con·

78 1396 292 1478 templatione
315 1395 469 1460 harumce
494 1396 678 1480 praesentia
707 1395 875 1460 commoda
902 1397 1093 1479 neglexisse.

173 1481 230 1548 10.
258 1482 433 1548 Enimvero
453 1484 606 1567 quoniam
624 1483 705 1548 haec
723 1484 780 1549 illo
800 1484 924 1549 dicente
944 1508 963 1549 a
982 1486 1092 1549 multis
1110 1495 1154 1546 11.

79 1573 178 1636 audio
209 1573 255 1636 sic
287 1575 419 1657 accepta
453 1576 491 1637 ut
522 1573 628 1656 segnis
662 1573 828 1637 cuiusdam
862 1577 895 1636 et
925 1572 1023 1636 alieni
1053 1573 1091 1637 da
1105 1592 1132 1632 15

77 1661 167 1724 bello
200 1661 409 1744 sententiam,
447 1661 578 1725 interim
615 1683 701 1726 nunc
733 1661 774 1724 ad
806 1662 986 1725 orationem
1020 1683 1092 1725 eam

77 1755 260 1832 transeam,
287 1771 352 1832 qua
374 1748 535 1813 Demades
564 1772 656 1833 usus,
683 1748 836 1814 robustus
860 1770 938 1813 sane
966 1748 1093 1814 1111111

78 1860 117 1902 ac
149 1837 395 1921 disertissimus,
425 1837 472 1902 ita
501 1839 536 1901 in
567 1837 729 1902 suadendo
759 1837 936 1920 peroravit,
967 1841 1004 1902 ut
1033 1859 1092 1902 nos

78 1930 213 2011 putaret
246 1927 401 2008 exemplis
434 1927 513 1991 olim
544 1926 688 1991 felicium
719 1925 896 2010 gloriarum
931 1924 970 1988 ad
1001 1947 1093 2008 prae-

79 2015 186 2079 sentia
217 2036 345 2099 quoque
374 2014 519 2096 pericula
547 2014 781 2099 producendos.
827 2014 885 2077 Ait
915 2013 1002 2077 enim
1031 2032 1133 2079 110110

78 2102 219 2167 Xerxem
249 2102 369 2166 finibus
400 2103 548 2187 eiecisse,
579 2101 761 2187 Cynaegiro
794 2102 917 2166 scilicet
949 2102 1027 2166 duce
1060 2106 1093 2167 et

78 2192 179 2275 hisce,
204 2192 260 2274 qui
279 2213 345 2254 una
364 2212 436 2255 cum
454 2192 526 2275 ipso
546 2191 741 2256 militabant.
778 2189 829 2254 Ad
850 2213 948 2274 quarn
965 2196 1093 2275 partem

81 2279 239 2344 orationis
269 2301 404 2364 quaeso,
434 2279 591 2364 Demade,
621 2283 658 2344 ut
691 2279 857 2364 paulisper
892 2301 942 2363 ea,
977 2280 1093 2363 quibus

80 2389 279 2453 magnopere
303 2368 502 2447 confidebas,
530 2390 654 2433 mecum
678 2367 825 2433 conferre
848 2371 1030 2433 tractareve
1054 2392 1094 2435 ne

81 2457 220 2521 dubites.
262 2456 346 2532 Quid
371 2457 456 2521 enim
479 2457 612 2521 tandem
636 2457 717 2520 mihi
741 2456 870 2541 diceres,
894 2457 923 2521 si
945 2480 965 2521 a
987 2466 1019 2522 ta
1044 2479 1094 2522 ex·
1108 2475 1134 2516 25

82 2550 190 2610 actum
215 2545 412 2628 invallem,
440 2544 489 2609 uti
516 2545 599 2609 tales
629 2545 755 2629 aliquos
784 2567 868 2610 nunc
892 2544 972 2609 mihi
996 2546 1095 2610 etiam

81 2634 176 2698 duces
201 2654 367 2716 promeres
396 2655 434 2697 ac
460 2636 532 2698 tum
560 2633 688 2698 demum
717 2633 752 2696 in
774 2632 995 2699 Alexandrum
1018 2635 1093 2700 hor-

81 2722 216 2786 tarere?
276 2721 369 2798 Quod
411 2722 438 2786 si
474 2721 525 2785 illi
560 2743 627 2787 non
666 2722 785 2786 adsunt
821 2723 904 2786 tales
942 2726 998 2787 aut
1033 2727 1093 2803 tot,

81 2812 193 2895 utique
222 2810 318 2874 nobis
347 2831 473 2894 quoque
502 2813 578 2875 sunt
608 2810 744 2875 consilia
773 2811 904 2874 tutioris
933 2811 1094 2876 commodi

81 2898 258 2963 volutanda
283 2898 614 2982 considerandumque
642 2920 719 2983 prae
743 2899 907 2981 omnibus,
937 2921 977 2962 an
1001 2920 1092 2981 prae·
1108 2914 1135 2954 ³0

171 3036 345 3091 2nominari
366 3036 400 3090 P.
469 3037 574 3091 ohaec
592 3036 677 3091 A.P.¹
691 3036 744 3089 hac
764 3036 886 3104 Machly.
918 3036 1043 3088 tractatu
1062 3035 1094 3088 P.

80 3111 185 3232 11311111ξὲῐ
186 3107 234 3231 1ss
257 3114 306 3232 Pu
327 3106 384 3161 sint
402 3123 452 3164 om.
471 3107 506 3162 A.
571 3112 602 3161 11
622 3106 750 3160 modesta
769 3108 798 3160 et
815 3106 851 3160 A.
884 3104 1042 3158 modestate
1060 3105 1095 3158 P.

172 3248 220 3304 10.
256 3252 287 3301 11
307 3248 467 3319 acceptaA.
501 3247 591 3370 accipi
600 3248 633 3301 P.
671 3245 764 3316 segnis
774 3245 810 3298 A.
839 3244 912 3298 senis
924 3245 957 3297 P.
1002 3247 1035 3296 18
1054 3243 1096 3300 ita

81 3319 109 3373 in
128 3322 164 3376 A.
198 3317 362 3374 111111111οΡ.
435 3323 469 3373 22
488 3336 544 3374 una
586 3318 609 3372 11
633 3317 682 3385 qui
705 3333 767 3371 cum
790 3314 851 3383 ipso
870 3316 903 3369 P.
976 3319 1012 3367 24
1031 3329 1096 3368 con·

82 3390 188 3444 fidebas
216 3390 250 3443 P.
285 3389 455 3444 consulebas
474 3391 510 3444 A.
601 3395 635 3445 25
655 3389 678 3441 si
703 3387 744 3442 sic
765 3403 852 3441 unum
874 3402 892 3440 a
915 3386 944 3439 te
968 3385 1096 3439 exactum

83 3461 155 3585 ffilie
177 3462 221 3585 Pl,
239 3467 290 3584 Aa?
307 3460 468 3586 irlille'pualpdro
488 3461 522 3516 P.
564 3465 598 3513 18
616 3460 688 3513 tales
707 3458 742 3513 A.
770 3457 820 3512 aut
838 3456 908 3511 tales
928 3456 961 3509 P.
1006 3460 1041 3509 30
1060 3472 1097 3510 an
