2362 3938
79 118 142 181 564
408 130 535 166 11111111
554 129 690 167 verusve.

79 254 173 308 schola
190 253 288 307 relicta
305 251 397 304 forum
415 251 519 304 adituri
538 252 626 316 erant,
644 251 711 304 dum
728 251 893 320 posterioris
904 253 1028 322 planiore

79 324 108 374 et
125 320 253 374 uberiore
272 318 457 387 explicatione
476 318 531 371 iuri
548 319 578 371 in
597 318 698 371 scholis
709 318 756 372 vel
789 320 904 374 rivatim
917 335 1028 389 operam

79 389 185 442 daturis
204 386 361 440 consultum
373 385 442 442 ibat.
473 384 528 438 Sed
540 386 569 438 in
583 385 625 438 dis
647 384 757 439 onendo
796 386 946 464 egularum
957 388 1028 444 libro

79 458 109 508 et
125 455 228 523 partim
246 454 332 531 etiam
354 453 383 505 in
406 452 600 531 componendo
618 402 687 530 ‘gaii
704 452 899 530 institutiones
921 457 1028 510 secutus

79 521 301 591 deprehenditur
317 522 368 586 ita,
380 521 413 574 ut
426 535 580 597 praemisso
593 520 692 573 itidem
705 520 739 573 de
752 520 1027 578 1ur1sfontibnsloco

79 591 110 642 et
126 605 262 642 summam
279 588 358 642 illam
376 587 540 640 divisionem
557 586 587 639 in
605 585 661 652 ius,
685 587 761 654 qnod
780 586 816 640 ad
830 603 969 664 personas
985 589 1029 644 111

79 656 178 710 adres
196 656 241 710 vel
259 657 295 709 ad
313 656 437 709 actiones
448 653 579 722 pertinet,
598 669 750 721 earumque
762 656 888 721 partium
900 655 1029 711 distribu-

79 723 169 778 tiones
186 724 216 777 in
232 725 395 776 universum
418 721 566 785 retineret,
588 722 618 774 et
635 721 746 790 singula
763 721 870 789 capita,
895 725 1029 790 quatenns

79 789 251 861 Regularum
263 791 374 842 diversa
385 787 456 841 ratio
469 788 638 855 patiebatur,
650 787 778 841 similiter
786 789 932 855 tractaret,
943 791 1029 845 anatis

78 860 175 912 tamen
193 856 359 924 quibusdam
378 856 407 908 et
423 854 565 908 interdum
578 855 663 908 etiam
674 855 754 908 novis
766 855 892 908 materiis
905 856 1027 922 adiectis,

79 926 159 978 velut
176 923 211 976 de
229 922 351 987 dotibus,
370 921 404 975 de
423 920 619 975 donationibus
630 923 705 975 inter
716 922 809 975 virum
820 923 851 976 et
861 939 988 991 uxorem,
1002 926 1029 980 et

79 992 108 1043 in
125 990 180 1043 fine
193 990 268 1053 iuris,
307 988 363 1042 uod
375 989 411 1041 ad
422 1003 557 1057 personas
569 989 700 1057 pertinet,
713 989 749 1043 de
760 1004 833 1043 novo
846 1005 1029 1056 personarum

78 1057 139 1110 iure
158 1072 192 1109 ex
209 1056 274 1123 lege
287 1005 365 1108 (lulla
386 1057 416 1108 et
432 1055 521 1133 Papia
537 1056 682 1125 Poppaea:
704 1070 762 1124 qna
783 1072 813 1110 re
836 1071 904 1110 sane
925 1058 1029 1113 fantum

80 1124 134 1187 est,
153 1123 185 1175 ut
202 1121 342 1189 quaedam
360 1122 396 1175 ad
413 1122 467 1176 forr
489 1139 569 1175 usum
591 1125 800 1192 pernecessaria
816 1138 872 1177 non
891 1124 1029 1181 desidera

79 1193 184 1254 rentur,
202 1189 251 1243 sed
270 1189 356 1242 etiam
373 1191 406 1242 ut
422 1189 585 1257 perspicuus
601 1189 650 1244 ille
667 1206 761 1243 rernm
774 1190 1030 1247 distribuendarum

79 1258 108 1309 et
125 1257 353 1324 exponendarum
371 1255 447 1321 ordo,
485 1271 521 1308 uo
534 1255 597 1309 Gaii
609 1257 803 1312 Institutiones
814 1258 967 1322 excellunt.
984 1260 1029 1315 ad·

78 1323 194 1377 modum
212 1323 407 1376 obscuraretur
424 1324 455 1376 et
465 1273 683 1380 (deformaretur.

125 1456 131 1468 1
147 1390 207 1467 Quo
224 1391 351 1457 tempore
359 1390 400 1467 ,et
412 1404 469 1457 qua
480 1391 588 1444 ratione
600 1391 710 1461 integer
721 1391 836 1460 Ulpiani
848 1391 923 1447 liber
934 1394 970 1448 ad
981 1394 1030 1449 has

77 1457 193 1510 lacmras
202 1456 332 1510 redactus
343 1459 388 1522 sit,
398 1473 455 1510 non
467 1457 600 1511 convenit
610 1458 684 1511 inter
696 1459 771 1514 viros
784 1460 889 1514 doctos.
913 1459 1029 1515 Momm·

78 1525 139 1578 seni
160 1525 203 1577 est
218 1524 371 1590 sententia,
389 1539 445 1576 non
463 1523 512 1576 diu
530 1526 595 1592 post
610 1524 785 1579 Constantini
802 1529 933 1594 tempora
950 1529 1030 1583 exsti·

77 1592 145 1645 iisse
163 1590 306 1644 hominem
317 1607 417 1659 parum
429 1591 543 1643 doctum
556 1593 586 1645 et
596 1591 800 1646 incredibiliter
811 1593 965 1663 stupidum,
983 1596 1031 1664 qui

78 1656 193 1725 Ulpiani
204 1657 316 1719 librum,
328 1657 434 1723 1111111,
448 1673 503 1724 quo
515 1659 576 1711 tum
588 1658 749 1724 utebantur,
759 1659 847 1728 magis
859 1662 1030 1727 conveniret,

77 1724 182 1792 partim
194 1724 329 1778 breviarii
345 1725 448 1793 partim
460 1726 588 1790 mutarit3
606 1724 702 1793 itaque
716 1741 757 1792 ea,
771 1742 844 1794 quaa
858 1728 895 1781 ad
906 1744 959 1785 nos
991 1746 1031 1784 er-

79 1790 216 1868 11111111,
234 1807 290 1845 non
306 1793 366 1846 tam
378 1792 444 1846 libri
456 1791 572 1862 Ulpiani
588 1793 630 1847 Re
653 1794 762 1848 ularum
794 1810 858 1847 uam
874 1794 958 1850 huius
969 1747 1030 1851 lire·

79 1873 160 1936 viaru
172 1859 304 1935 reliquias
313 1876 381 1915 esse.
409 1859 485 1925 Quae
495 1861 589 1929 opinio
599 1861 637 1915 mi
660 1861 666 1872 '
679 1862 744 1914 ideo
756 1811 906 1915 admodum
919 1865 1031 1919 videtur

79 1940 139 2002 verr
157 1924 307 1993 dissimilis,
325 1928 401 1994 quod
418 1928 501 1980 nimis
513 1928 656 1996 stupidum
668 1927 744 1996 cogit
755 1943 860 1996 ponere
874 1928 1030 1996 hominem3

78 2008 201 2059 primum
222 1993 299 2047 onim
319 1995 350 2046 in
371 2009 424 2046 usu
446 1993 511 2057 fori,
537 2009 622 2060 quem
643 1993 818 2060 potissimum
840 1995 865 2047 is
892 2000 1030 2064 spectasse

78 2058 1031 2194 illiterataencleticabatalienaealienae·

78 2191 199 2246 viarium
216 2192 413 2247 auctoritatem
432 2209 490 2246 esse
508 2191 687 2246 habiturum?
712 2190 820 2245 Deinde
838 2195 916 2259 quod
927 2197 970 2250 ins
983 2199 1030 2251 ob·

79 2258 202 2313 soletum
223 2260 391 2327 quibusdam
407 2259 475 2314 locis
497 2275 532 2314 ex
553 2259 625 2313 libro
648 2273 790 2312 exseeasse
813 2257 928 2324 dicitur,
955 2262 1032 2317 idem

79 2326 148 2379 alibi
165 2327 311 2393 reliquisse
329 2326 556 2404 deprehenditur.
586 2326 686 2390 Taceo,
705 2324 781 2392 quod
797 2325 936 2390 quaedam
949 2343 1031 2396 argu-

78 2394 175 2447 menta
186 2394 313 2448 consulto
324 2394 418 2447 omissi
428 2395 532 2448 veteris
549 2393 617 2446 iuris
628 2391 707 2446 velut
718 2397 759 2456 17,
772 2396 795 2442 1.
807 2396 848 2466 211,
858 2396 882 2443 2.
897 2396 936 2467 ¹⁰:
950 2399 974 2455 1,
987 2400 1028 2446 21.

78 2462 189 2514 tantum
201 2476 236 2514 ex
247 2460 386 2515 mendosis
394 2460 561 2514 lectionibus
570 2459 748 2526 colliguntur.
773 2456 901 2522 Demque
912 2472 936 2507 11
945 2473 1029 2522 qnae·

79 2528 144 2581 dam
163 2527 299 2581 eiusmodi
316 2527 418 2582 omissa
435 2529 508 2593 sunt,
544 2527 600 2581 uod
617 2526 723 2581 factum
739 2538 796 2577 non
813 2537 901 2589 nego,
919 2523 1031 2576 absunt

79 2595 165 2648 edam
183 2593 285 2659 multa,
304 2610 376 2662 quae
393 2609 450 2648 non
468 2545 671 2659 obsdleveraut,
690 2606 763 2660 qnae
774 2590 904 2656 utraque,
922 2589 1029 2658 opinor,

78 2660 188 2714 facilius
210 2662 245 2715 ad
268 2677 361 2715 casum
382 2662 484 2714 natura
506 2677 556 2714 sua
576 2660 685 2713 ratione
707 2658 862 2723 carentem,
886 2674 972 2726 quam
994 2659 1031 2713 ad

79 2727 225 2782 consilium
242 2727 363 2781 hominis
380 2727 516 2795 Epicureo
534 2742 600 2780 casn
617 2741 673 2781 non
690 2723 843 2779 consultius
861 2727 1029 2781 referuntur.

78 2795 177 2862 Inane
195 2795 303 2848 ratione
321 2811 355 2848 ac
372 2792 487 2848 consilio
505 2809 570 2848 eum
580 2794 692 2847 tantum
708 2809 788 2846 nsum
800 2794 968 2862 putaverim,
982 2795 1031 2863 qui

78 2862 109 2916 in
125 2861 207 2915 ruina
222 2861 273 2914 illa
288 2863 392 2915 veteris
413 2859 481 2915 iuris
498 2860 600 2921 civilis,
621 2859 674 2914 hoc
692 2861 736 2914 est
752 2861 826 2915 circa
842 2859 928 2914 finem
945 2862 1031 2917 seculi

81 2928 185 3006 quinti,
203 2929 310 2997 primus
328 2944 362 2982 ex
380 2925 506 3048 ‘Ulpiani
523 2935 649 2994 corpore’
667 2927 742 2982 hunc
758 2929 848 2984 solum
865 2929 968 2983 librum
986 2929 1032 2984 111

81 2996 259 3075 exscrrpserit
273 2994 320 3049 111
338 3011 410 3063 qnae
441 3010 496 3073 unc
512 2993 642 3112 11113111Ι
656 3011 691 3049 ex
715 2998 847 3074 eouerant
862 2998 958 3065 partes
975 3013 1031 3074 ser·

79 3062 1032 3209 1111111111111111111111111111111111111

79 3198 126 3251 vel
143 3197 270 3252 discendi
287 3197 334 3252 111
357 3196 476 3251 docendi
498 3196 529 3250 et
550 3210 595 3249 res
617 3194 740 3248 ondendr
760 3195 902 3264 praesidia
919 3196 1031 3267 Ulpiani

80 3280 192 3332 quoqne
202 3265 416 3320 celeberrimum
426 3278 529 3318 nomen
537 3263 594 3317 ctu
639 3261 753 3315 ssimum
762 3278 832 3331 opus
841 3263 1028 3320 retineretur.¹
1042 3275 1076 3324 [11

81 3392 293 3402 *—

154 3455 174 3525 1)
188 3459 324 3510 Vaticanum
334 3460 427 3524 Ulpiani
442 3459 549 3511 codicem
557 3458 666 3522 primitus
676 3472 689 3507 a
699 3456 782 3508 codice
794 3453 915 3519 ‘corporis
925 3453 1029 3519 Ulpiani'
