2376 3938
386 200 518 256 OBITUS
537 202 758 260 ALEXANDRI.
891 269 895 277 ,
1014 206 1078 271 155

59 366 167 430 carias
191 365 263 429 dest
264 365 369 428 iretis.
415 362 518 448 Super
542 364 594 429 his
618 366 733 451 igitur,
756 370 793 432 ut
814 369 908 433 vobis
933 391 1075 435 commo·

61 455 139 519 dum
164 458 226 536 est,
250 453 432 519 consulttae
415 451 605 538 elgitur
628 456 808 521 Amazones
832 460 940 522 motae
962 459 1073 523 rescri·
1093 470 1141 521 76.

60 544 160 608 bunt:
178 503 226 607 Flt
238 543 313 606 dare
328 563 362 606 se
376 505 446 626 regl
437 542 617 626 veniendi,
636 565 734 627 quam
748 545 867 628 cupiat,
886 545 1077 612 facultatem

60 631 318 714 inspiciendique
337 634 442 695 terras
462 653 547 716 suas,
570 635 603 695 et
625 652 780 698 coronare
804 655 838 698 se
862 655 936 698 eum
960 637 1076 700 annuis

59 721 196 785 talentis
220 741 289 804 sex3
318 719 513 804 quingentas
542 719 641 784 etiam
672 721 797 805 equites
821 722 1002 787 destinasse
1026 744 1103 788 ιιι-ι

59 813 168 874 metas
192 815 225 872 et
249 812 407 891 strenuas,
430 811 467 871 ut
488 808 684 893 poposcerit,
706 831 788 893 quae
807 833 865 895 per
889 832 993 876 annos
1017 811 1076 876 sci-

59 898 138 962 licet
161 900 393 981 permutentur.
441 894 532 971 Quod
562 897 589 961 si
618 918 681 980 qna
709 919 748 973 en
776 899 864 964 hisce
893 899 933 964 ad
962 921 1075 965 sexum

61 1008 156 1050 suum
180 987 326 1067 cesserit,
355 1006 427 1049 eam
456 1006 491 1050 se
520 989 630 1068 petere
653 985 773 1051 ibidem
802 987 948 1053 desidere
976 990 1075 1074 inque

19 1143 22 1147 ,
59 1075 130 1138 eius
154 1076 262 1139 locum
282 1074 542 1157 supplementum
565 1074 604 1137 de
628 1079 725 1159 gente
743 1076 911 1160 postulari.
949 1075 1075 1161 Quippe

60 1164 282 1227 Amazonibus
302 1165 426 1227 certum
450 1184 520 1227 esse
538 1183 652 1246 parere
675 1164 746 1229 viro
771 1165 909 1249 absenti,
932 1166 984 1230 oui
1006 1187 1073 1232 ces·
1087 1187 1114 1228 ιο

10 1305 13 1312 .
60 1252 143 1316 sisse
167 1252 313 1316 omnium
335 1251 505 1316 hominum
528 1271 649 1334 genera
672 1252 870 1319 didicissent.

141 1339 209 1405 47.
240 1339 301 1404 His
326 1339 467 1422 acceptis
491 1339 675 1404 Alexander
701 1341 764 1405 iter
791 1341 824 1406 in
850 1341 975 1406 Prasia·
1021 1347 1135 1404 XXVII.

60 1450 132 1492 cam
155 1429 231 1494 inde
254 1428 424 1511 pervertit,
452 1449 534 1512 quae
563 1428 694 1511 quidem
717 1430 786 1494 eius
809 1430 907 1494 militi
931 1431 1073 1515 peregri·
1093 1433 1137 1484 77·

58 1518 152 1583 natio
175 1518 296 1581 laboris
318 1517 492 1583 admodum
516 1520 549 1580 et
571 1517 703 1599 plurimi
721 1517 857 1600 periculi
875 1518 947 1582 fuit.
988 1517 1075 1581 Nam

60 1607 195 1670 aestatis
226 1606 328 1670 ferme
359 1605 426 1669 iam
461 1604 567 1669 medio
601 1605 763 1688 repentini
799 1606 931 1671 imbres¹
951 1606 1073 1670 fluxere
1087 1627 1113 1668 ιι

59 1694 140 1759 adeo
168 1695 377 1759 vehementes
407 1698 503 1777 atque
532 1693 689 1776 continui,
717 1695 768 1758 uti
795 1715 861 1759 non
889 1694 997 1774 solum
1024 1694 1073 1760 vis

59 1783 275 1848 animantium
304 1783 465 1866 deperiret
494 1785 540 1863 et,
571 1802 790 1866 quaecumque
819 1783 894 1846 usui
923 1785 1002 1847 sunt
1031 1782 1072 1848 ad

58 1871 219 1954 militiam,
243 1872 466 1956 putrefierent,
489 1891 601 1933 verum
620 1870 702 1955 ipsis
727 1871 827 1936 etiam
844 1893 903 1956 per
925 1870 1071 1956 indigen·

57 1960 139 2023 tiam
169 1961 456 2025 calciamentorum
480 1958 599 2041 pedum
621 1959 766 2042 plurima
788 1959 947 2042 pernicies
975 1959 1074 2023 infer·
1160 2024 1162 2029 ,

60 2050 164 2132 retur,
193 2033 313 2133 quippe
341 2049 396 2111 ubi
425 2046 512 2112 nudo
535 2046 677 2131 vestigio
700 2070 758 2132 per
780 2049 853 2112 loca
877 2069 992 2131 aspera
1013 2047 1073 2112 hu·
1087 2069 1114 2109 eo

61 2136 213 2221 midaque
241 2137 367 2220 perpeti
395 2137 506 2201 labore
533 2136 703 2201 traherent
689 2140 752 2201 t.ur
797 2135 911 2221 Neque
934 2157 1012 2201 vero
1040 2135 1073 2202 id

62 2226 121 2288 sub
140 2227 243 2290 isdem
261 2225 422 2290 imbribus
442 2224 522 2290 adeo
542 2225 726 2309 molentum,
747 2246 843 2310 quam
862 2224 1073 2290 redeuntibus

60 2314 95 2375 in
119 2319 270 2378 naturam
292 2313 449 2398 temporis
474 2313 597 2377 solibus
617 2313 688 2397 fuit,
711 2314 858 2398 quamvis
881 2313 1073 2398 intemperie

60 2401 119 2465 illa
146 2407 179 2467 et
206 2402 385 2467 tonitruum
414 2402 592 2487 plurimum
619 2405 653 2466 et
678 2402 783 2468 iactus
806 2401 980 2467 fulminum
1008 2423 1074 2468 ere-

61 2491 137 2554 bros
158 2493 281 2575 experti
300 2497 417 2558 essent.
449 2489 536 2556 Nam
556 2493 589 2555 et
606 2511 700 2555 voces
719 2491 862 2556 incertas
881 2494 1073 2557 resonantes
1087 2512 1114 2553 as

61 2579 232 2644 audierant
259 2586 292 2644 et
318 2583 530 2664 portentuosa
557 2579 699 2663 plurima
727 2579 924 2645 eiuscemodi
950 2579 1074 2664 experti

61 2672 161 2731 erant
207 2667 274 2733 Ubi
297 2691 372 2749 vero
396 2669 462 2733 iarn
490 2667 530 2732 ad
553 2667 739 2734 Prasiacam
764 2668 982 2733 adventabant
1004 2667 1072 2752 Hy·
1091 2679 1139 2732 78.

60 2757 235 2840 panimque
249 2757 378 2838 flumen,
398 2757 483 2841 quod
502 2757 658 2841 dispescit
675 2756 863 2822 huiusmodi
882 2757 1073 2840 conlimitia,

151 2932 217 2984 lut
234 2948 284 2986 om.
306 2932 340 2985 P.
407 2936 472 2986 Aee
492 2947 555 2986 enm
576 2931 610 2984 P.
640 2946 734 2985 secum
753 2930 789 2984 A.
854 2932 1017 2985 tetrenues
1037 2930 1072 2984 A.

60 3005 229 3069 poposcerat
217 3002 283 3056 tA
363 3003 422 3056 ‘lsi
440 3019 496 3071 qua
516 3003 575 3056 Mr.
595 3001 620 3055 si
639 3017 692 3069 que
714 3001 747 3057 P.
768 2999 792 3054 ei
811 3000 874 3067 quis
893 3002 928 3056 A.
975 3000 1020 3053 his
1038 2999 1072 3054 P.

60 3074 193 3141 8patere
212 3074 248 3129 A.

150 3143 198 3198 47.
230 3144 268 3198 Ia
286 3145 342 3199 cod.
365 3145 398 3197 P.
417 3145 522 3198 bie't
478 3138 666 3213 interponitur
684 3141 762 3196 locere
780 3141 893 3209 Ioecpti
912 3140 989 3209 (Aet.
1008 3139 1072 3194 Iud.

64 3213 122 3279 XI,
142 3219 169 3283 5,
188 3219 242 3269 5-
251 3221 279 3283 8,
299 3217 425 3283 (1.1111),
444 3215 541 3270 deiude
559 3217 715 3281 excerptam
733 3228 767 3266 ea
787 3211 879 3271 Oroete·
897 3211 967 3264 libro
986 3211 1074 3265 tertio.

61 3290 93 3337 12
113 3255 169 3339 ’His
184 3301 269 3355 accep
270 3286 307 3340 tis
270 3287 362 3340 t.A
388 3284 457 3340 Post
474 3287 546 3339 baec
564 3284 596 3338 P.
651 3288 684 3336 13
703 3281 857 3351 praevertit
874 3281 908 3336 P.
937 3278 1023 3335 militi
1040 3280 1073 3336 P

56 3355 151 3409 multa
165 3373 234 3411 corr
249 3373 283 3411 err
298 3356 425 3410 multiA.
450 3361 498 3409 14
516 3354 621 3409 laboris
635 3355 742 3422 scripsi.
762 3351 899 3408 laboriA.
908 3352 941 3405 P.
981 3357 1013 3405 16
1032 3352 1075 3406 uti

61 3441 111 3480 om.
121 3427 154 3481 P.
192 3433 226 3480 23
246 3427 463 3496 temporibusP.
484 3424 664 3494 intemperies
681 3423 773 3479 illeP.
811 3428 847 3478 25
865 3422 1022 3478 resonentis
1040 3423 1073 3478 P.

60 3502 94 3552 27
113 3499 286 3580 ypanimque
304 3500 337 3554 P.
364 3496 588 3568 Tympanimque
607 3496 642 3550 A.
663 3493 809 3564 Πρύτανιν
830 3493 926 3551 Graec.
964 3499 998 3548 28
1018 3493 1074 3549 dir-

60 3569 154 3637 pescit
171 3571 203 3625 P.
233 3568 365 3639 dispertit
354 3569 419 3624 t.A
