2362 3938
117 183 179 246 116
530 181 639 238 LIBER
655 183 704 239 III.

114 344 303 408 bestiarum.
348 344 455 429 Igitur
480 347 606 410 statuas
634 366 745 410 aereas
768 367 865 430 quam
888 346 1049 429 plurimas
1075 349 1125 413 ad-

112 432 186 496 vehi
220 452 328 496 secum
359 433 537 517 quibusque
569 433 608 498 de
641 435 796 517 proximis
829 434 910 499 locis
946 437 988 501 ad
1022 437 1126 502 locum

112 519 230 606 proelii
248 519 347 585 iubet.
387 519 480 596 Quod
504 521 560 585 ubi
583 522 705 587 factum
728 526 787 607 est,
809 522 931 588 ibidem
954 525 1032 610 igne
1056 526 1126 591 sub·

114 609 200 676 iacto
230 631 326 694 quam
356 609 496 693 plurimo
527 609 667 675 calefieri
699 631 754 676 eas
786 617 819 676 et
848 611 948 696 igniri
980 612 1126 697 festinat3

81 720 94 761 s
116 701 273 783 erantque
300 717 356 762 eae
380 698 508 762 statuae
530 701 607 781 post
628 698 754 781 primos
768 699 861 764 aciei
889 700 1020 766 ordines
1049 702 1127 767 sitae

116 790 214 872 atque
232 787 281 851 ita
297 788 372 850 autc
391 784 468 849 belli
485 789 614 870 tempus
628 786 779 852 hostibus
793 787 989 854 invisitatae.
1019 789 1128 854 Enim-

115 897 193 942 vero
220 875 277 939 ubi
304 874 398 958 sigua
426 873 543 939 bellica
570 896 730 957 crepuere
761 876 921 960 primique
954 898 1127 944 concursus

115 964 258 1050 partium
280 962 511 1046 sperabantur,
537 962 612 1027 Indi
635 963 767 1029 barbari
794 965 881 1029 feras
908 965 984 1030 illas
1007 967 1127 1032 bestias

114 1073 193 1137 prae
218 1072 252 1116 se
274 1050 321 1115 ire
345 1050 524 1134 dimittunt,
546 1052 594 1115 ita
617 1052 740 1117 scilicet
763 1052 884 1136 doctas,
905 1056 944 1117 ut
966 1075 1042 1119 cum
1065 1056 1128 1138 pri·

76 1162 102 1200 ιο
117 1162 206 1204 mum
229 1139 264 1203 in
287 1137 438 1205 adversos
462 1139 662 1204 volavissent
685 1141 831 1224 circaque
860 1163 914 1206 eas
938 1143 1129 1226 proeliaturi

116 1227 229 1293 hostes
243 1231 485 1312 occuparentur,
498 1227 582 1292 nihil
595 1228 685 1292 Indis
701 1229 1005 1313 supervenientibus
1021 1253 1128 1297 morae

15 1342 26 1361 .
113 1315 219 1397 fieret,
247 1315 326 1400 quin
349 1316 452 1381 libera
478 1316 644 1381 iaculandi
673 1317 780 1382 hostis
807 1318 1055 1403 trucidandique
1082 1320 1129 1385 fa·

115 1405 219 1470 cultas
242 1406 378 1490 pateret.
423 1403 462 1468 Id
484 1404 541 1469 ubi
563 1404 687 1469 factum
712 1410 771 1489 est,
793 1407 962 1488 praedocti
979 1406 1128 1474 Maccdo-

115 1516 192 1559 num
217 1493 344 1559 ordines
366 1491 464 1574 primi
486 1493 654 1575 paululum
677 1493 820 1578 deloco,
844 1516 908 1579 quo
931 1495 1128 1578 institerant,

76 1603 102 1644 rs
116 1582 307 1667 repedantes
338 1580 461 1665 ignitas
494 1584 620 1645 statuas
649 1583 889 1647 incursantibus
916 1583 1033 1648 bestiis
1056 1607 1129 1669 pro·

115 1673 207 1737 dunt.
252 1670 339 1746 Quas
363 1690 436 1733 cum
458 1669 543 1734 falsa
565 1670 648 1735 facie
666 1672 755 1735 velut
778 1672 876 1736 etiam
900 1673 1055 1737 candenti
1078 1696 1128 1739 co-

114 1760 197 1840 lore,
224 1758 348 1842 impetu
371 1757 451 1821 belli
474 1759 644 1842 complexu
671 1763 705 1824 et
731 1760 893 1826 morsibus
920 1760 1129 1842 adfectarent,

114 1868 190 1911 mox
220 1845 347 1910 sauciae
378 1845 563 1931 debilesque
592 1852 648 1913 aut
674 1849 824 1931 protinus
852 1848 967 1913 cadere
996 1853 1055 1914 aut
1080 1872 1129 1914 re·

114 1935 227 2020 fugere
253 1955 389 2018 coepere
417 1937 549 2010 omniuo
577 1937 701 2002 nullum
732 1937 845 2002 auxilii
875 1937 973 2001 ullius
1006 1938 1131 2003 emolu·

76 2043 103 2084 ao
118 2026 263 2088 mentum
287 2022 427 2089 dominis
451 2023 643 2092 adferentes.

204 2108 237 2175 i.
263 2108 380 2196 Sicque
398 2113 487 2178 Indis
511 2114 552 2178 ab
576 2113 633 2179 illo
656 2112 798 2176 ferarum
819 2111 938 2175 auxilio
959 2110 1129 2178 destitutis
1147 2115 1177 2165 11

114 2197 254 2263 secunda
278 2202 447 2266 concursio
471 2201 549 2284 fuit,
575 2203 613 2263 ut
634 2200 696 2282 ipsi
718 2199 801 2280 privi
824 2198 909 2259 iuter
932 2216 1001 2259 sese
1025 2200 1130 2264 virtu·

113 2285 201 2351 tibus
225 2288 457 2370 experirentur.
499 2288 605 2371 Igitur
628 2286 745 2349 Persae
767 2304 900 2366 coepere
924 2281 1055 2363 sagittis
1076 2284 1129 2348 In-

115 2373 174 2441 dos
204 2374 364 2439 incessere
399 2375 563 2458 ceteroqui
598 2372 703 2437 nudos
733 2391 895 2434 armorum
935 2370 1129 2456 eminusque

74 2483 101 2525 as
115 2462 290 2547 configere,
313 2484 416 2546 neque
439 2463 545 2526 minus
568 2483 624 2525 eos
647 2459 849 2543 equestribus
871 2458 1003 2543 proeliis
1028 2480 1129 2544 quam

114 2550 400 2616 vehementissime
419 2549 609 2615 Macedones
628 2548 777 2634 fatigare.
814 2545 898 2614 (lum
921 2548 1040 2632 quibus
1063 2572 1129 2614 una

115 2660 189 2704 cum
216 2639 285 2722 ipse
308 2636 493 2703 Alexander
519 2637 662 2722 periculo
685 2660 752 2703 non
775 2639 916 2723 deesset,
944 2659 1045 2722 equus
1072 2638 1128 2702 ille

115 2726 311 2812 Bucephala,
334 2747 398 2809 quo
422 2727 613 2809 vehebatur,
636 2726 714 2793 Pori
736 2728 848 2794 dextra
870 2728 1072 2812 vulneratur,
1092 2731 1125 2790 et

206 2977 220 3024 1
240 2973 360 3042 quantas
379 2967 515 3038 plurimas
534 2971 566 3027 P.
640 2980 656 3028 3
676 2974 751 3041 quod
769 2973 818 3027 ubi
835 2973 942 3027 tactum
962 2974 1018 3039 est,
1041 2973 1072 3026 ia
1092 2971 1125 3023 P.

117 3045 218 3101 matesc
232 3059 293 3099 csse
317 3041 503 3096 Voltmcncac
525 3043 595 3096 dicit
618 3045 730 3112 (Adaot.
754 3047 813 3098 crit.
832 3060 863 3112 p.
879 3047 933 3110 15).
970 3043 1035 3111 igue
1056 3042 1089 3095 P.
1097 3041 1126 3094 0.

117 3116 180 3186 igni
193 3116 229 3170 A.
271 3113 377 3166 cheae
395 3113 505 3166 statuae
520 3113 594 3166 A.P.
623 3117 687 3181 post
704 3115 809 3183 primas
827 3112 901 3168 acies
921 3115 950 3166 ct
968 3114 1077 3166 ordines
1091 3113 1127 3165 A.

121 3192 154 3242 16
173 3185 262 3240 veluti
280 3183 366 3238 etiam
384 3181 495 3237 cedenti
514 3183 546 3237 P.
574 3183 684 3251 ductae,
704 3185 807 3238 etiam?
859 3189 891 3236 17
912 3181 1074 3236 affectarent
1093 3184 1127 3235 A.

119 3263 154 3312 20
173 3256 302 3311 dominus
320 3255 351 3310 P.

211 3327 238 3382 2.
258 3331 292 3381 22
311 3326 343 3380 ut
360 3342 411 3380 om.
431 3323 466 3378 P.
497 3321 572 3392 privi
590 3322 622 3377 P.
650 3321 728 3391 prius
748 3322 782 3376 A.
837 3327 870 3374 23
890 3319 1073 3374 exferireutur
1092 3322 1126 3375 A.

119 3402 154 3451 24
169 3399 332 3466 ceterosque
341 3396 374 3451 P.
394 3394 556 3462 eminusque
567 3392 715 3461 confugere
725 3394 760 3446 A.
780 3390 933 3447 comminus
944 3389 1081 3457 configere
1093 3392 1126 3444 P.

45 3469 50 3478 ’
118 3471 161 3593 {tn
172 3484 263 3590 aglae
281 3466 373 3522 minus
391 3467 426 3521 A.
455 3464 605 3535 quominus
625 3465 659 3519 P.
713 3469 747 3518 26
766 3460 919 3531 fatigarent
935 3459 969 3514 P.
1025 3465 1058 3512 27
1078 3461 1126 3514 ille
