2362 3938
421 791 554 857 LIBER
578 791 809 859 SECUNDUS

543 948 605 1014 QUI
623 949 692 1004 EST

355 1090 527 1168 AOTUS
552 1078 871 1168 ALEXANDRI.

201 1281 232 1348 l.
279 1283 386 1368 Igitur
418 1283 601 1348 Alexandro
633 1284 697 1348 iter
729 1306 746 1348 e
779 1282 936 1349 Corintho
969 1285 1122 1351 Plataeas
1142 1301 1162 1355 Ι.

83 1375 194 1456 serat,
220 1372 334 1436 urbem
362 1372 491 1456 quidem
518 1373 609 1438 illam
637 1373 744 1454 operis
773 1372 906 1437 maximi
934 1375 1122 1459 populique,
1141 1378 1165 1425 1.

111 1461 272 1526 enimvero
301 1461 455 1546 religioni
481 1461 641 1525 intentam
665 1461 879 1544 Proserpinae
911 1462 1004 1546 deae,
1032 1465 1121 1528 cuius

108 1551 267 1634 templum
299 1549 399 1614 etiam
433 1553 575 1615 erectum
610 1551 650 1614 ad
684 1551 963 1636 magnificentiam
996 1552 1120 1616 visitur.

109 1635 173 1701 Sed
195 1639 279 1703 forte
299 1638 356 1703 illo
380 1639 578 1723 intempore
603 1662 710 1704 annuo
736 1660 827 1704 saoro
846 1643 978 1723 tegmen
996 1641 1122 1705 numini

107 1727 293 1809 parabatur.
340 1724 534 1792 Coniectura
557 1728 756 1794 vaticinandi
780 1729 940 1793 sacerdoti
965 1729 1121 1794 eiusmodi

68 1839 94 1879 ro
108 1813 185 1899 fuit,
212 1815 351 1879 multum
382 1815 421 1878 ad
451 1817 591 1901 gloriam
619 1821 784 1902 gestarum
811 1838 919 1881 rerum
948 1821 980 1882 et
1008 1838 1122 1901 geren-

109 1903 222 1968 darum
246 1903 351 1968 eidem
374 1903 561 1970 Alexandro
586 1906 761 1990 auspicari,
789 1907 874 1990 quod
899 1907 955 1971 illo
983 1906 1018 1969 in
1041 1909 1120 1969 tem·

107 2013 188 2075 pore
206 1991 306 2056 sacris
322 1994 573 2077 supervenisset3
592 1994 689 2078 idque
708 2015 899 2076 responsum
919 1998 951 2057 et
970 1994 1009 2056 ad
1030 2017 1122 2078 spem

108 2082 140 2143 et
163 2081 317 2164 gaudium
341 2081 392 2145 illi
415 2083 491 2166 fuit,
514 2083 757 2165 liberaliterque
782 2085 948 2163 acceptam
967 2084 1077 2144 vatem
1102 2106 1121 2144 a

107 2189 141 2232 se
160 2167 305 2234 dimittit.
348 2169 447 2235 Enim
470 2176 503 2235 et
526 2169 614 2235 aliud
636 2168 860 2233 testimonium
880 2168 947 2231 vati
971 2168 1010 2231 ad
1034 2170 1115 2232 veri·
1136 2183 1166 2231 2.

68 2279 94 2320 15
109 2255 282 2322 dicentium
307 2257 391 2322 forte
421 2259 486 2322 tale
515 2260 716 2342 provenerat.
769 2254 964 2339 Stesagorae
991 2256 1119 2340 quippe,

106 2346 315 2429 magistratui
341 2345 600 2429 Plataeensium,
632 2348 747 2429 postea
778 2343 925 2428 ingresso
959 2345 1118 2429 templum

105 2433 277 2519 locumque
301 2457 384 2518 eum,
405 2435 439 2497 in
459 2456 521 2518 quo
539 2433 625 2497 idem
648 2438 780 2518 tegmen
800 2433 927 2498 numini
948 2437 1119 2517 texeretur,

106 2543 181 2586 eum
196 2523 226 2586 ei
241 2524 452 2607 perexiguum
467 2525 659 2607 superesset,
678 2522 849 2586 adversum
864 2544 902 2587 ea
916 2527 1017 2607 valeo,
1037 2546 1119 2608 quae

107 2611 247 2675 secunda
269 2610 455 2675 Alexandro
480 2611 693 2695 praecinerat,
715 2610 767 2675 illi
790 2613 959 2695 respondit
982 2634 1119 2697 eumque

65 2721 92 2762 ao
107 2698 155 2762 ait
177 2699 373 2784 magistratu
397 2722 455 2764 suo
478 2699 626 2783 protinus
650 2698 886 2782 deponendum.
929 2701 1021 2777 Quod
1046 2722 1118 2763 cum

106 2787 332 2852 inclementius
365 2788 416 2852 vir
448 2788 610 2871 ceteroqui
642 2787 785 2852 melioris
819 2788 1033 2853 conscientiae
1067 2809 1118 2851 ac-

106 2874 258 2960 cepisset,
289 2876 324 2940 in
355 2876 438 2940 iram
466 2874 779 2959 commotionemque
809 2897 981 2941 conversus
1015 2875 1118 2939 incre·

196 3085 225 3142 1.
257 3085 382 3156 4Igitur
399 3102 450 3140 om.
470 3092 497 3139 Τ.
543 3083 720 3139 tintentum
738 3083 771 3138 P.
818 3083 1062 3152 tmagnificentia
1082 3084 1117 3139 P.

107 3163 123 3211 8
144 3156 221 3226 Quae
238 3174 257 3211 a
274 3158 362 3212 uerbis
381 3156 447 3211 ‘Sed
465 3156 539 3210 forte
558 3154 619 3209 illo’
639 3171 724 3224 usque
742 3155 779 3208 od
796 3155 878 3209 certa
892 3154 992 3222 cupitis
1005 3155 1118 3208 secundi

107 3227 291 3282 ‘contumelia
299 3226 502 3296 temperavere'
515 3228 651 3296 locuntur,
661 3241 712 3280 om.
722 3225 765 3290 P,
779 3226 827 3293 qui
838 3225 1004 3278 columhare
1014 3230 1117 3278 senteu-

104 3298 174 3352 tium
188 3299 305 3354 exhibet:
323 3297 454 3366 Dirigunt
468 3298 562 3352 autem
577 3297 735 3350 Alexandro
750 3295 935 3349 Athenienses
949 3295 1068 3360 litteras,
1087 3293 1117 3348 in

104 3368 206 3435 quibus
225 3387 276 3423 nee
295 3386 312 3422 a
329 3367 404 3439 regis
424 3368 538 3437 quidem
552 3367 721 3423 contumelia
739 3369 940 3434 temperavere.
979 3371 1011 3418 12
1032 3365 1117 3418 sacris

103 3439 210 3507 scripsi.
232 3438 355 3563 qucum
398 3445 431 3494 16
449 3439 622 3494 Platensium
632 3441 666 3494 A.
712 3442 745 3491 19
765 3452 882 3504 eumque
903 3436 1025 3490 aitMuc'.
1053 3452 1116 3489 eum

104 3508 215 3578 quaerit
262 3553 268 3565 .
