<?xml version="1.0" encoding="UTF-8"?>
<!DOCTYPE html PUBLIC "-//W3C//DTD XHTML 1.0 Transitional//EN"
    "http://www.w3.org/TR/xhtml1/DTD/xhtml1-transitional.dtd">
<html xmlns="http://www.w3.org/1999/xhtml" xml:lang="en" lang="en">
 <head>
  <title>
</title>
<meta http-equiv="Content-Type" content="text/html;charset=utf-8" />
  <meta name='ocr-system' content='tesseract 3.04.00' />
  <meta name='ocr-capabilities' content='ocr_page ocr_carea ocr_par ocr_line ocrx_word'/>
</head>
<body>
  <div class='ocr_page' id='page_1' title='image "./domitiivlpianiq00huscgoog/domitiivlpianiq00huscgoog_0218.png"; bbox 0 0 2376 3938; ppageno 0'>
   <div class='ocr_carea' id='block_1_1' title="bbox 408 195 1085 262">
    <p class='ocr_par' dir='ltr' id='par_1_1' title="bbox 408 195 1085 262">
     <span class='ocr_line' id='line_1_1' title="bbox 408 195 1085 262; baseline 0.018 -12"><span class='ocrx_word' id='word_1_1' title='bbox 408 196 525 253; x_wconf 74' lang='lat' dir='ltr'><strong>serus</strong></span> <span class='ocrx_word' id='word_1_2' title='bbox 544 195 769 254; x_wconf 78' lang='lat' dir='ltr'><strong>Annxnunm.</strong></span> <span class='ocrx_word' id='word_1_3' title='bbox 1040 195 1085 262; x_wconf 84' lang='lat'><strong>95</strong></span> 
     </span>
    </p>
   </div>
   <div class='ocr_carea' id='block_1_2' title="bbox 70 360 1132 2755">
    <p class='ocr_par' dir='ltr' id='par_1_2' title="bbox 70 360 1132 2755">
     <span class='ocr_line' id='line_1_2' title="bbox 73 360 1085 448; baseline -0.004 -20"><span class='ocrx_word' id='word_1_4' title='bbox 73 385 164 448; x_wconf 91' lang='lat' dir='ltr'><strong>spem</strong></span> <span class='ocrx_word' id='word_1_5' title='bbox 193 364 378 445; x_wconf 90' lang='lat' dir='ltr'><strong>metumque</strong></span> <span class='ocrx_word' id='word_1_6' title='bbox 410 360 517 425; x_wconf 90' lang='lat' dir='ltr'><strong>animo</strong></span> <span class='ocrx_word' id='word_1_7' title='bbox 544 361 721 443; x_wconf 77' lang='lat' dir='ltr'><strong>volutaret,</strong></span> <span class='ocrx_word' id='word_1_8' title='bbox 749 381 826 426; x_wconf 91' lang='lat' dir='ltr'><strong>casu</strong></span> <span class='ocrx_word' id='word_1_9' title='bbox 856 360 1014 426; x_wconf 90' lang='lat' dir='ltr'><strong>eiusmodi</strong></span> <span class='ocrx_word' id='word_1_10' title='bbox 1043 360 1085 424; x_wconf 91' lang='lat' dir='ltr'><strong>ad</strong></span> 
     </span>
     <span class='ocr_line' id='line_1_3' title="bbox 70 448 1085 518; baseline -0.005 -1"><span class='ocrx_word' id='word_1_11' title='bbox 70 453 229 518; x_wconf 91' lang='lat' dir='ltr'><strong>maiorem</strong></span> <span class='ocrx_word' id='word_1_12' title='bbox 257 448 462 513; x_wconf 86' lang='lat' dir='ltr'><strong>formidinem</strong></span> <span class='ocrx_word' id='word_1_13' title='bbox 490 448 706 513; x_wconf 88' lang='lat' dir='ltr'><strong>confirmatur.</strong></span> <span class='ocrx_word' id='word_1_14' title='bbox 751 448 849 515; x_wconf 78' lang='lat' dir='ltr'><strong>Forte</strong></span> <span class='ocrx_word' id='word_1_15' title='bbox 877 449 912 513; x_wconf 92' lang='lat' dir='ltr'><strong>in</strong></span> <span class='ocrx_word' id='word_1_16' title='bbox 939 449 1085 514; x_wconf 87' lang='lat' dir='ltr'><strong>conclavi</strong></span> 
     </span>
     <span class='ocr_line' id='line_1_4' title="bbox 71 536 1085 623; baseline -0.003 -17"><span class='ocrx_word' id='word_1_17' title='bbox 71 563 123 623; x_wconf 89' lang='lat' dir='ltr'><strong>eo,</strong></span> <span class='ocrx_word' id='word_1_18' title='bbox 146 540 182 605; x_wconf 93' lang='lat' dir='ltr'><strong>in</strong></span> <span class='ocrx_word' id='word_1_19' title='bbox 212 560 276 623; x_wconf 89' lang='lat' dir='ltr'><strong>quo</strong></span> <span class='ocrx_word' id='word_1_20' title='bbox 306 542 383 603; x_wconf 90' lang='lat' dir='ltr'><strong>tunc</strong></span> <span class='ocrx_word' id='word_1_21' title='bbox 412 559 469 602; x_wconf 83' lang='lat' dir='ltr'><strong>rex</strong></span> <span class='ocrx_word' id='word_1_22' title='bbox 496 537 632 622; x_wconf 87' lang='lat' dir='ltr'><strong>agebat,</strong></span> <span class='ocrx_word' id='word_1_23' title='bbox 661 536 770 622; x_wconf 81' lang='lat' dir='ltr'>imago</span> <span class='ocrx_word' id='word_1_24' title='bbox 800 537 958 622; x_wconf 79' lang='lat' dir='ltr'><strong>quaedam</strong></span> <span class='ocrx_word' id='word_1_25' title='bbox 984 537 1085 603; x_wconf 87' lang='lat' dir='ltr'><strong>Xerxi</strong></span> 
     </span>
     <span class='ocr_line' id='line_1_5' title="bbox 74 624 1085 711; baseline -0.004 -16"><span class='ocrx_word' id='word_1_26' title='bbox 74 628 247 695; x_wconf 82' lang='lat' dir='ltr'><strong>sublimius</strong></span> <span class='ocrx_word' id='word_1_27' title='bbox 269 627 392 711; x_wconf 91' lang='lat' dir='ltr'><strong>posita,</strong></span> <span class='ocrx_word' id='word_1_28' title='bbox 419 626 470 690; x_wconf 85' lang='lat' dir='ltr'><strong>vel</strong></span> <span class='ocrx_word' id='word_1_29' title='bbox 494 624 535 691; x_wconf 92' lang='lat' dir='ltr'><strong>ob</strong></span> <span class='ocrx_word' id='word_1_30' title='bbox 561 626 751 691; x_wconf 79' lang='lat' dir='ltr'><strong>memoriam</strong></span> <span class='ocrx_word' id='word_1_31' title='bbox 778 626 938 691; x_wconf 89' lang='lat' dir='ltr'><strong>maiorum</strong></span> <span class='ocrx_word' id='word_1_32' title='bbox 964 627 1018 690; x_wconf 83' lang='lat' dir='ltr'><strong>vel</strong></span> <span class='ocrx_word' id='word_1_33' title='bbox 1046 625 1085 691; x_wconf 89' lang='lat' dir='ltr'><strong>de</strong></span> 
     </span>
     <span class='ocr_line' id='line_1_6' title="bbox 70 713 1114 804; baseline -0.007 -21"><span class='ocrx_word' id='word_1_34' title='bbox 70 719 218 804; x_wconf 77' lang='lat' dir='ltr'><strong>picturae</strong></span> <span class='ocrx_word' id='word_1_35' title='bbox 251 716 359 801; x_wconf 88' lang='lat' dir='ltr'><strong>gratia</strong></span> <span class='ocrx_word' id='word_1_36' title='bbox 390 713 590 799; x_wconf 91' lang='lat' dir='ltr'><strong>spectabilis,</strong></span> <span class='ocrx_word' id='word_1_37' title='bbox 617 713 718 780; x_wconf 91' lang='lat' dir='ltr'><strong>Dario</strong></span> <span class='ocrx_word' id='word_1_38' title='bbox 748 714 974 799; x_wconf 87' lang='lat' dir='ltr'><strong>acceptissima</strong></span> <span class='ocrx_word' id='word_1_39' title='bbox 1008 719 1114 780; x_wconf 81' lang='lat' dir='ltr'><strong>erate</strong></span> 
     </span>
     <span class='ocr_line' id='line_1_7' title="bbox 70 803 1086 889; baseline -0.003 -18"><span class='ocrx_word' id='word_1_40' title='bbox 70 807 123 872; x_wconf 82' lang='lat' dir='ltr'><strong>Ea</strong></span> <span class='ocrx_word' id='word_1_41' title='bbox 154 809 287 889; x_wconf 91' lang='lat' dir='ltr'><strong>repente</strong></span> <span class='ocrx_word' id='word_1_42' title='bbox 319 804 491 869; x_wconf 76' lang='lat' dir='ltr'><strong>fatiscente</strong></span> <span class='ocrx_word' id='word_1_43' title='bbox 521 806 693 887; x_wconf 88' lang='lat' dir='ltr'><strong>compactu</strong></span> <span class='ocrx_word' id='word_1_44' title='bbox 722 804 864 888; x_wconf 85' lang='lat' dir='ltr'><strong>procidit</strong></span> <span class='ocrx_word' id='word_1_45' title='bbox 894 803 1086 888; x_wconf 91' lang='lat' dir='ltr'><strong>dissilitque.</strong></span> 
     </span>
     <span class='ocr_line' id='line_1_8' title="bbox 71 891 1085 978; baseline -0.003 -18"><span class='ocrx_word' id='word_1_46' title='bbox 71 896 110 960; x_wconf 93' lang='lat' dir='ltr'><strong>Id</strong></span> <span class='ocrx_word' id='word_1_47' title='bbox 127 894 258 978; x_wconf 88' lang='lat' dir='ltr'><strong>Darius,</strong></span> <span class='ocrx_word' id='word_1_48' title='bbox 281 896 318 957; x_wconf 93' lang='lat' dir='ltr'><strong>ut</strong></span> <span class='ocrx_word' id='word_1_49' title='bbox 340 915 392 957; x_wconf 91' lang='lat' dir='ltr'><strong>res</strong></span> <span class='ocrx_word' id='word_1_50' title='bbox 417 896 495 978; x_wconf 89' lang='lat' dir='ltr'><strong>erat,</strong></span> <span class='ocrx_word' id='word_1_51' title='bbox 519 891 704 957; x_wconf 86' lang='lat' dir='ltr'><strong>coniectans</strong></span> <span class='ocrx_word' id='word_1_52' title='bbox 724 894 832 959; x_wconf 92' lang='lat' dir='ltr'><strong>animo</strong></span> <span class='ocrx_word' id='word_1_53' title='bbox 851 893 1085 970; x_wconf 81' lang='lat' dir='ltr'><strong>macerabatur.</strong></span> 
     </span>
     <span class='ocr_line' id='line_1_9' title="bbox 71 981 1086 1067; baseline -0.001 -18"><span class='ocrx_word' id='word_1_54' title='bbox 71 984 250 1049; x_wconf 82' lang='lat' dir='ltr'><strong>Enimvero</strong></span> <span class='ocrx_word' id='word_1_55' title='bbox 281 981 466 1046; x_wconf 83' lang='lat' dir='ltr'><strong>Alexander</strong></span> <span class='ocrx_word' id='word_1_56' title='bbox 499 1001 593 1046; x_wconf 92' lang='lat' dir='ltr'><strong>omne</strong></span> <span class='ocrx_word' id='word_1_57' title='bbox 624 981 812 1048; x_wconf 87' lang='lat' dir='ltr'><strong>intersitum</strong></span> <span class='ocrx_word' id='word_1_58' title='bbox 845 983 988 1067; x_wconf 92' lang='lat' dir='ltr'><strong>spatium</strong></span> <span class='ocrx_word' id='word_1_59' title='bbox 1020 982 1086 1048; x_wconf 86' lang='lat' dir='ltr'><strong>iam</strong></span> 
     </span>
     <span class='ocr_line' id='line_1_10' title="bbox 73 1069 1086 1155; baseline -0.002 -17"><span class='ocrx_word' id='word_1_60' title='bbox 73 1094 205 1138; x_wconf 87' lang='lat' dir='ltr'><strong>mensus</strong></span> <span class='ocrx_word' id='word_1_61' title='bbox 229 1072 285 1135; x_wconf 94' lang='lat' dir='ltr'><strong>ubi</strong></span> <span class='ocrx_word' id='word_1_62' title='bbox 308 1071 349 1134; x_wconf 92' lang='lat' dir='ltr'><strong>ad</strong></span> <span class='ocrx_word' id='word_1_63' title='bbox 373 1069 547 1154; x_wconf 81' lang='lat' dir='ltr'><strong>Strangam</strong></span> <span class='ocrx_word' id='word_1_64' title='bbox 570 1069 705 1135; x_wconf 88' lang='lat' dir='ltr'><strong>fluvium</strong></span> <span class='ocrx_word' id='word_1_65' title='bbox 730 1070 879 1155; x_wconf 87' lang='lat' dir='ltr'><strong>accessit,</strong></span> <span class='ocrx_word' id='word_1_66' title='bbox 901 1075 992 1136; x_wconf 88' lang='lat' dir='ltr'><strong>ratus</strong></span> <span class='ocrx_word' id='word_1_67' title='bbox 1016 1071 1086 1137; x_wconf 85' lang='lat' dir='ltr'><strong>fore</strong></span> 
     </span>
     <span class='ocr_line' id='line_1_11' title="bbox 73 1159 1128 1246; baseline -0.001 -20"><span class='ocrx_word' id='word_1_68' title='bbox 73 1162 124 1226; x_wconf 89' lang='lat' dir='ltr'><strong>uti</strong></span> <span class='ocrx_word' id='word_1_69' title='bbox 147 1182 221 1225; x_wconf 91' lang='lat' dir='ltr'><strong>eum</strong></span> <span class='ocrx_word' id='word_1_70' title='bbox 239 1160 372 1244; x_wconf 90' lang='lat' dir='ltr'><strong>pariter,</strong></span> <span class='ocrx_word' id='word_1_71' title='bbox 396 1162 432 1223; x_wconf 91' lang='lat' dir='ltr'><strong>ut</strong></span> <span class='ocrx_word' id='word_1_72' title='bbox 451 1162 594 1237; x_wconf 86' lang='lat' dir='ltr'><strong>venerat,</strong></span> <span class='ocrx_word' id='word_1_73' title='bbox 616 1159 789 1242; x_wconf 80' lang='lat' dir='ltr'><strong>perviaret,</strong></span> <span class='ocrx_word' id='word_1_74' title='bbox 813 1181 930 1246; x_wconf 92' lang='lat' dir='ltr'><strong>equum</strong></span> <span class='ocrx_word' id='word_1_75' title='bbox 950 1179 1128 1245; x_wconf 86' lang='lat' dir='ltr'><strong>quoque,10</strong></span> 
     </span>
     <span class='ocr_line' id='line_1_12' title="bbox 75 1247 1087 1335; baseline 0.001 -21"><span class='ocrx_word' id='word_1_76' title='bbox 75 1271 139 1334; x_wconf 88' lang='lat' dir='ltr'><strong>quo</strong></span> <span class='ocrx_word' id='word_1_77' title='bbox 150 1248 337 1328; x_wconf 87' lang='lat' dir='ltr'><strong>vehebatur,</strong></span> <span class='ocrx_word' id='word_1_78' title='bbox 352 1247 492 1331; x_wconf 91' lang='lat' dir='ltr'><strong>impellit</strong></span> <span class='ocrx_word' id='word_1_79' title='bbox 500 1247 662 1332; x_wconf 88' lang='lat' dir='ltr'><strong>primitias</strong></span> <span class='ocrx_word' id='word_1_80' title='bbox 676 1249 913 1335; x_wconf 90' lang='lat' dir='ltr'><strong>congelationis</strong></span> <span class='ocrx_word' id='word_1_81' title='bbox 927 1250 1087 1316; x_wconf 83' lang='lat' dir='ltr'><strong>invadere.</strong></span> 
     </span>
     <span class='ocr_line' id='line_1_13' title="bbox 75 1336 1087 1421; baseline 0 -17"><span class='ocrx_word' id='word_1_82' title='bbox 75 1338 139 1404; x_wconf 78' lang='lat' dir='ltr'><strong>Sed</strong></span> <span class='ocrx_word' id='word_1_83' title='bbox 162 1359 258 1401; x_wconf 88' lang='lat' dir='ltr'><strong>exesa</strong></span> <span class='ocrx_word' id='word_1_84' title='bbox 280 1336 432 1401; x_wconf 79' lang='lat' dir='ltr'><strong>videlicet</strong></span> <span class='ocrx_word' id='word_1_85' title='bbox 450 1337 501 1400; x_wconf 86' lang='lat' dir='ltr'><strong>vel</strong></span> <span class='ocrx_word' id='word_1_86' title='bbox 525 1336 631 1401; x_wconf 92' lang='lat' dir='ltr'><strong>soluta</strong></span> <span class='ocrx_word' id='word_1_87' title='bbox 650 1359 747 1421; x_wconf 89' lang='lat' dir='ltr'><strong>super</strong></span> <span class='ocrx_word' id='word_1_88' title='bbox 766 1339 855 1403; x_wconf 90' lang='lat' dir='ltr'><strong>omni</strong></span> <span class='ocrx_word' id='word_1_89' title='bbox 874 1339 1087 1404; x_wconf 82' lang='lat' dir='ltr'><strong>crassitudine</strong></span> 
     </span>
     <span class='ocr_line' id='line_1_14' title="bbox 74 1424 1089 1512; baseline 0 -20"><span class='ocrx_word' id='word_1_90' title='bbox 74 1449 112 1492; x_wconf 92' lang='lat' dir='ltr'><strong>ac</strong></span> <span class='ocrx_word' id='word_1_91' title='bbox 142 1426 219 1512; x_wconf 89' lang='lat' dir='ltr'><strong>gelu</strong></span> <span class='ocrx_word' id='word_1_92' title='bbox 249 1425 347 1490; x_wconf 86' lang='lat' dir='ltr'><strong>cessit</strong></span> <span class='ocrx_word' id='word_1_93' title='bbox 377 1425 524 1509; x_wconf 90' lang='lat' dir='ltr'><strong>aequoris</strong></span> <span class='ocrx_word' id='word_1_94' title='bbox 552 1424 651 1490; x_wconf 86' lang='lat' dir='ltr'><strong>facies</strong></span> <span class='ocrx_word' id='word_1_95' title='bbox 680 1425 720 1490; x_wconf 92' lang='lat' dir='ltr'><strong>ad</strong></span> <span class='ocrx_word' id='word_1_96' title='bbox 747 1427 873 1510; x_wconf 91' lang='lat' dir='ltr'><strong>pondus</strong></span> <span class='ocrx_word' id='word_1_97' title='bbox 903 1428 1089 1510; x_wconf 87' lang='lat' dir='ltr'><strong>equitantis.</strong></span> 
     </span>
     <span class='ocr_line' id='line_1_15' title="bbox 75 1513 1088 1600; baseline -0.001 -19"><span class='ocrx_word' id='word_1_98' title='bbox 75 1515 214 1599; x_wconf 88' lang='lat' dir='ltr'><strong>Utrique</strong></span> <span class='ocrx_word' id='word_1_99' title='bbox 229 1514 331 1600; x_wconf 84' lang='lat' dir='ltr'><strong>igitur</strong></span> <span class='ocrx_word' id='word_1_100' title='bbox 350 1516 543 1577; x_wconf 89' lang='lat' dir='ltr'><strong>eernuantes</strong></span> <span class='ocrx_word' id='word_1_101' title='bbox 561 1514 597 1576; x_wconf 92' lang='lat' dir='ltr'><strong>in</strong></span> <span class='ocrx_word' id='word_1_102' title='bbox 612 1513 807 1596; x_wconf 87' lang='lat' dir='ltr'><strong>profundum</strong></span> <span class='ocrx_word' id='word_1_103' title='bbox 821 1515 964 1580; x_wconf 89' lang='lat' dir='ltr'><strong>fluminis</strong></span> <span class='ocrx_word' id='word_1_104' title='bbox 982 1518 1088 1581; x_wconf 89' lang='lat' dir='ltr'><strong>ruunt.</strong></span> 
     </span>
     <span class='ocr_line' id='line_1_16' title="bbox 76 1602 1129 1688; baseline -0.001 -19"><span class='ocrx_word' id='word_1_105' title='bbox 76 1603 139 1669; x_wconf 81' lang='lat' dir='ltr'><strong>Sed</strong></span> <span class='ocrx_word' id='word_1_106' title='bbox 163 1604 250 1668; x_wconf 91' lang='lat' dir='ltr'><strong>enim</strong></span> <span class='ocrx_word' id='word_1_107' title='bbox 274 1624 392 1687; x_wconf 89' lang='lat' dir='ltr'><strong>equum</strong></span> <span class='ocrx_word' id='word_1_108' title='bbox 415 1622 533 1686; x_wconf 84' lang='lat' dir='ltr'><strong>agmen</strong></span> <span class='ocrx_word' id='word_1_109' title='bbox 554 1602 689 1667; x_wconf 85' lang='lat' dir='ltr'><strong>violenti</strong></span> <span class='ocrx_word' id='word_1_110' title='bbox 712 1602 852 1688; x_wconf 88' lang='lat' dir='ltr'><strong>gurgitis</strong></span> <span class='ocrx_word' id='word_1_111' title='bbox 870 1624 1003 1686; x_wconf 88' lang='lat' dir='ltr'><strong>pessum</strong></span> <span class='ocrx_word' id='word_1_112' title='bbox 1025 1605 1129 1668; x_wconf 76' lang='lat' dir='ltr'><strong>tra-15</strong></span> 
     </span>
     <span class='ocr_line' id='line_1_17' title="bbox 78 1693 1089 1775; baseline 0 -18"><span class='ocrx_word' id='word_1_113' title='bbox 78 1696 166 1758; x_wconf 90' lang='lat' dir='ltr'><strong>etum</strong></span> <span class='ocrx_word' id='word_1_114' title='bbox 195 1694 369 1774; x_wconf 84' lang='lat' dir='ltr'><strong>averterat;</strong></span> <span class='ocrx_word' id='word_1_115' title='bbox 400 1713 455 1755; x_wconf 85' lang='lat' dir='ltr'><strong>rex</strong></span> <span class='ocrx_word' id='word_1_116' title='bbox 485 1711 562 1755; x_wconf 86' lang='lat' dir='ltr'><strong>vero</strong></span> <span class='ocrx_word' id='word_1_117' title='bbox 592 1693 707 1756; x_wconf 92' lang='lat' dir='ltr'><strong>natatu</strong></span> <span class='ocrx_word' id='word_1_118' title='bbox 738 1712 835 1775; x_wconf 88' lang='lat' dir='ltr'><strong>quam</strong></span> <span class='ocrx_word' id='word_1_119' title='bbox 865 1693 1089 1757; x_wconf 85' lang='lat' dir='ltr'><strong>valentissimo</strong></span> 
     </span>
     <span class='ocr_line' id='line_1_18' title="bbox 77 1778 1090 1864; baseline 0.001 -19"><span class='ocrx_word' id='word_1_120' title='bbox 77 1802 228 1846; x_wconf 89' lang='lat' dir='ltr'><strong>emensus</strong></span> <span class='ocrx_word' id='word_1_121' title='bbox 247 1780 426 1864; x_wconf 89' lang='lat' dir='ltr'><strong>perieulum</strong></span> <span class='ocrx_word' id='word_1_122' title='bbox 451 1778 585 1843; x_wconf 90' lang='lat' dir='ltr'><strong>alterius</strong></span> <span class='ocrx_word' id='word_1_123' title='bbox 604 1778 693 1862; x_wconf 88' lang='lat' dir='ltr'><strong>ripae</strong></span> <span class='ocrx_word' id='word_1_124' title='bbox 716 1780 782 1845; x_wconf 93' lang='lat' dir='ltr'><strong>iam</strong></span> <span class='ocrx_word' id='word_1_125' title='bbox 800 1780 994 1864; x_wconf 91' lang='lat' dir='ltr'><strong>potiebatur,</strong></span> <span class='ocrx_word' id='word_1_126' title='bbox 1017 1803 1090 1846; x_wconf 88' lang='lat' dir='ltr'><strong>cum</strong></span> 
     </span>
     <span class='ocr_line' id='line_1_19' title="bbox 77 1866 1091 1935; baseline 0.001 -1"><span class='ocrx_word' id='word_1_127' title='bbox 77 1870 204 1934; x_wconf 89' lang='lat' dir='ltr'><strong>eminus</strong></span> <span class='ocrx_word' id='word_1_128' title='bbox 236 1869 326 1934; x_wconf 79' lang='lat' dir='ltr'><strong>videt</strong></span> <span class='ocrx_word' id='word_1_129' title='bbox 357 1869 523 1933; x_wconf 90' lang='lat' dir='ltr'><strong>insecutos</strong></span> <span class='ocrx_word' id='word_1_130' title='bbox 562 1888 633 1932; x_wconf 92' lang='lat' dir='ltr'><strong>sese</strong></span> <span class='ocrx_word' id='word_1_131' title='bbox 660 1866 777 1933; x_wconf 90' lang='lat' dir='ltr'><strong>Persas</strong></span> <span class='ocrx_word' id='word_1_132' title='bbox 814 1869 880 1934; x_wconf 89' lang='lat' dir='ltr'><strong>iam</strong></span> <span class='ocrx_word' id='word_1_133' title='bbox 912 1869 1001 1935; x_wconf 91' lang='lat' dir='ltr'><strong>litori</strong></span> <span class='ocrx_word' id='word_1_134' title='bbox 1038 1870 1091 1935; x_wconf 92' lang='lat' dir='ltr'><strong>ad·</strong></span> 
     </span>
     <span class='ocr_line' id='line_1_20' title="bbox 76 1956 1092 2044; baseline 0 -21"><span class='ocrx_word' id='word_1_135' title='bbox 76 1959 219 2042; x_wconf 88' lang='lat' dir='ltr'><strong>venisse,</strong></span> <span class='ocrx_word' id='word_1_136' title='bbox 249 1958 371 2021; x_wconf 84' lang='lat' dir='ltr'><strong>frustra</strong></span> <span class='ocrx_word' id='word_1_137' title='bbox 400 1956 532 2021; x_wconf 89' lang='lat' dir='ltr'><strong>habitos</strong></span> <span class='ocrx_word' id='word_1_138' title='bbox 563 1976 620 2039; x_wconf 91' lang='lat' dir='ltr'><strong>spe</strong></span> <span class='ocrx_word' id='word_1_139' title='bbox 649 1959 890 2044; x_wconf 89' lang='lat' dir='ltr'><strong>transgressus,</strong></span> <span class='ocrx_word' id='word_1_140' title='bbox 920 1957 1092 2043; x_wconf 87' lang='lat' dir='ltr'><strong>desperata</strong></span> 
     </span>
     <span class='ocr_line' id='line_1_21' title="bbox 77 2044 1132 2131; baseline -0.008 -19"><span class='ocrx_word' id='word_1_141' title='bbox 77 2048 178 2112; x_wconf 90' lang='lat' dir='ltr'><strong>etiam</strong></span> <span class='ocrx_word' id='word_1_142' title='bbox 197 2045 496 2129; x_wconf 84' lang='lat' dir='ltr'><strong>comprehensione,</strong></span> <span class='ocrx_word' id='word_1_143' title='bbox 518 2044 637 2110; x_wconf 89' lang='lat' dir='ltr'><strong>reditui</strong></span> <span class='ocrx_word' id='word_1_144' title='bbox 658 2046 852 2128; x_wconf 86' lang='lat' dir='ltr'><strong>consultare,</strong></span> <span class='ocrx_word' id='word_1_145' title='bbox 875 2047 994 2131; x_wconf 91' lang='lat' dir='ltr'><strong>quippe</strong></span> <span class='ocrx_word' id='word_1_146' title='bbox 1018 2068 1090 2112; x_wconf 89' lang='lat' dir='ltr'><strong>eum</strong></span> <span class='ocrx_word' id='word_1_147' title='bbox 1105 2065 1132 2105; x_wconf 82' lang='lat' dir='ltr'><strong>ao</strong></span> 
     </span>
     <span class='ocr_line' id='line_1_22' title="bbox 81 2124 1091 2201; baseline 0 -1"><span class='ocrx_word' id='word_1_148' title='bbox 81 2135 198 2200; x_wconf 90' lang='lat' dir='ltr'><strong>Persae</strong></span> <span class='ocrx_word' id='word_1_149' title='bbox 227 2157 292 2201; x_wconf 93' lang='lat' dir='ltr'><strong>non</strong></span> <span class='ocrx_word' id='word_1_150' title='bbox 320 2134 416 2199; x_wconf 91' lang='lat' dir='ltr'><strong>modo</strong></span> <span class='ocrx_word' id='word_1_151' title='bbox 445 2132 486 2198; x_wconf 91' lang='lat' dir='ltr'><strong>ad</strong></span> <span class='ocrx_word' id='word_1_152' title='bbox 508 2135 639 2199; x_wconf 89' lang='lat' dir='ltr'><strong>natatus</strong></span> <span class='ocrx_word' id='word_1_153' title='bbox 664 2124 851 2201; x_wconf 89' lang='lat' dir='ltr'><strong>huiusmodi</strong></span> <span class='ocrx_word' id='word_1_154' title='bbox 881 2136 997 2200; x_wconf 93' lang='lat' dir='ltr'><strong>audere</strong></span> <span class='ocrx_word' id='word_1_155' title='bbox 1024 2157 1091 2201; x_wconf 94' lang='lat' dir='ltr'><strong>non</strong></span> 
     </span>
     <span class='ocr_line' id='line_1_23' title="bbox 79 2222 1092 2307; baseline 0.002 -18"><span class='ocrx_word' id='word_1_156' title='bbox 79 2225 219 2307; x_wconf 92' lang='lat' dir='ltr'><strong>soleant,</strong></span> <span class='ocrx_word' id='word_1_157' title='bbox 247 2223 302 2288; x_wconf 92' lang='lat' dir='ltr'><strong>sed</strong></span> <span class='ocrx_word' id='word_1_158' title='bbox 330 2245 371 2287; x_wconf 93' lang='lat' dir='ltr'><strong>ne</strong></span> <span class='ocrx_word' id='word_1_159' title='bbox 397 2222 581 2307; x_wconf 82' lang='lat' dir='ltr'><strong>navigabile</strong></span> <span class='ocrx_word' id='word_1_160' title='bbox 608 2222 737 2307; x_wconf 91' lang='lat' dir='ltr'><strong>quidem</strong></span> <span class='ocrx_word' id='word_1_161' title='bbox 765 2224 807 2289; x_wconf 89' lang='lat' dir='ltr'><strong>ob</strong></span> <span class='ocrx_word' id='word_1_162' title='bbox 834 2225 971 2290; x_wconf 90' lang='lat' dir='ltr'><strong>nimiam</strong></span> <span class='ocrx_word' id='word_1_163' title='bbox 998 2225 1092 2291; x_wconf 77' lang='lat' dir='ltr'><strong>vehe</strong></span> 
     </span>
     <span class='ocr_line' id='line_1_24' title="bbox 79 2309 1092 2398; baseline 0.002 -21"><span class='ocrx_word' id='word_1_164' title='bbox 79 2313 237 2377; x_wconf 92' lang='lat' dir='ltr'><strong>mentiam</strong></span> <span class='ocrx_word' id='word_1_165' title='bbox 259 2312 379 2376; x_wconf 88' lang='lat' dir='ltr'><strong>flumen</strong></span> <span class='ocrx_word' id='word_1_166' title='bbox 404 2311 467 2376; x_wconf 89' lang='lat' dir='ltr'><strong>hoc</strong></span> <span class='ocrx_word' id='word_1_167' title='bbox 494 2311 648 2377; x_wconf 86' lang='lat' dir='ltr'><strong>habeant.</strong></span> <span class='ocrx_word' id='word_1_168' title='bbox 693 2309 800 2398; x_wconf 80' lang='lat' dir='ltr'><strong>Igitur</strong></span> <span class='ocrx_word' id='word_1_169' title='bbox 824 2315 967 2397; x_wconf 89' lang='lat' dir='ltr'><strong>stupenti</strong></span> <span class='ocrx_word' id='word_1_170' title='bbox 990 2312 1092 2380; x_wconf 86' lang='lat' dir='ltr'><strong>Dario</strong></span> 
     </span>
     <span class='ocr_line' id='line_1_25' title="bbox 80 2401 1092 2486; baseline 0.002 -20"><span class='ocrx_word' id='word_1_171' title='bbox 80 2401 330 2485; x_wconf 85' lang='lat' dir='ltr'><strong>demirantique,</strong></span> <span class='ocrx_word' id='word_1_172' title='bbox 363 2421 445 2485; x_wconf 92' lang='lat' dir='ltr'><strong>quae</strong></span> <span class='ocrx_word' id='word_1_173' title='bbox 476 2403 569 2486; x_wconf 89' lang='lat' dir='ltr'><strong>gesta</strong></span> <span class='ocrx_word' id='word_1_174' title='bbox 594 2403 685 2484; x_wconf 89' lang='lat' dir='ltr'><strong>sunt,</strong></span> <span class='ocrx_word' id='word_1_175' title='bbox 717 2423 844 2467; x_wconf 89' lang='lat' dir='ltr'><strong>cassum</strong></span> <span class='ocrx_word' id='word_1_176' title='bbox 872 2403 1018 2468; x_wconf 88' lang='lat' dir='ltr'><strong>laborem</strong></span> <span class='ocrx_word' id='word_1_177' title='bbox 1044 2424 1092 2468; x_wconf 89' lang='lat' dir='ltr'><strong>re-</strong></span> 
     </span>
     <span class='ocr_line' id='line_1_26' title="bbox 78 2487 1132 2575; baseline -0.005 -21"><span class='ocrx_word' id='word_1_178' title='bbox 78 2489 190 2554; x_wconf 89' lang='lat' dir='ltr'><strong>ferunt</strong></span> <span class='ocrx_word' id='word_1_179' title='bbox 216 2490 424 2554; x_wconf 87' lang='lat' dir='ltr'><strong>insecutores.</strong></span> <span class='ocrx_word' id='word_1_180' title='bbox 469 2487 655 2554; x_wconf 84' lang='lat' dir='ltr'><strong>Alexander</strong></span> <span class='ocrx_word' id='word_1_181' title='bbox 676 2511 754 2556; x_wconf 84' lang='lat' dir='ltr'><strong>vero</strong></span> <span class='ocrx_word' id='word_1_182' title='bbox 782 2512 895 2556; x_wconf 91' lang='lat' dir='ltr'><strong>menso</strong></span> <span class='ocrx_word' id='word_1_183' title='bbox 923 2492 1022 2575; x_wconf 81' lang='lat' dir='ltr'><strong>alveo</strong></span> <span class='ocrx_word' id='word_1_184' title='bbox 1044 2491 1091 2557; x_wconf 91' lang='lat' dir='ltr'><strong>of·</strong></span> <span class='ocrx_word' id='word_1_185' title='bbox 1105 2509 1132 2550; x_wconf 79' lang='lat'><strong>25</strong></span> 
     </span>
     <span class='ocr_line' id='line_1_27' title="bbox 79 2578 1092 2663; baseline 0.004 -22"><span class='ocrx_word' id='word_1_186' title='bbox 79 2578 185 2643; x_wconf 91' lang='lat' dir='ltr'><strong>fendit</strong></span> <span class='ocrx_word' id='word_1_187' title='bbox 202 2578 385 2662; x_wconf 80' lang='lat' dir='ltr'><strong>Eumelum,</strong></span> <span class='ocrx_word' id='word_1_188' title='bbox 409 2599 503 2661; x_wconf 92' lang='lat' dir='ltr'><strong>quem</strong></span> <span class='ocrx_word' id='word_1_189' title='bbox 526 2599 592 2642; x_wconf 92' lang='lat' dir='ltr'><strong>una</strong></span> <span class='ocrx_word' id='word_1_190' title='bbox 616 2599 689 2643; x_wconf 91' lang='lat' dir='ltr'><strong>oum</strong></span> <span class='ocrx_word' id='word_1_191' title='bbox 711 2580 802 2663; x_wconf 92' lang='lat' dir='ltr'><strong>equis</strong></span> <span class='ocrx_word' id='word_1_192' title='bbox 824 2579 949 2644; x_wconf 92' lang='lat' dir='ltr'><strong>duobus</strong></span> <span class='ocrx_word' id='word_1_193' title='bbox 973 2579 1092 2645; x_wconf 89' lang='lat' dir='ltr'><strong>ibidem</strong></span> 
     </span>
     <span class='ocr_line' id='line_1_28' title="bbox 81 2665 1094 2755; baseline 0.001 -24"><span class='ocrx_word' id='word_1_194' title='bbox 81 2667 144 2732; x_wconf 89' lang='lat' dir='ltr'><strong>sibi</strong></span> <span class='ocrx_word' id='word_1_195' title='bbox 167 2667 397 2731; x_wconf 89' lang='lat' dir='ltr'><strong>subsidiarium</strong></span> <span class='ocrx_word' id='word_1_196' title='bbox 416 2665 639 2749; x_wconf 88' lang='lat' dir='ltr'><strong>dereliquerat.</strong></span> <span class='ocrx_word' id='word_1_197' title='bbox 684 2666 768 2732; x_wconf 85' lang='lat' dir='ltr'><strong>Tum</strong></span> <span class='ocrx_word' id='word_1_198' title='bbox 789 2668 838 2732; x_wconf 94' lang='lat' dir='ltr'><strong>illi</strong></span> <span class='ocrx_word' id='word_1_199' title='bbox 861 2672 894 2733; x_wconf 91' lang='lat' dir='ltr'><strong>et</strong></span> <span class='ocrx_word' id='word_1_200' title='bbox 912 2673 1024 2755; x_wconf 88' lang='lat' dir='ltr'><strong>gestae</strong></span> <span class='ocrx_word' id='word_1_201' title='bbox 1046 2669 1094 2734; x_wconf 92' lang='lat' dir='ltr'><strong>rei</strong></span> 
     </span>
    </p>
   </div>
   <div class='ocr_carea' id='block_1_3' title="bbox 81 2753 1150 3194">
    <p class='ocr_par' dir='ltr' id='par_1_3' title="bbox 81 2753 1150 3194">
     <span class='ocr_line' id='line_1_29' title="bbox 81 2753 1094 2841; baseline 0.003 -22"><span class='ocrx_word' id='word_1_202' title='bbox 81 2756 197 2820; x_wconf 91' lang='lat' dir='ltr'><strong>seriem</strong></span> <span class='ocrx_word' id='word_1_203' title='bbox 222 2755 372 2839; x_wconf 84' lang='lat' dir='ltr'><strong>explicat,</strong></span> <span class='ocrx_word' id='word_1_204' title='bbox 394 2759 428 2820; x_wconf 89' lang='lat' dir='ltr'><strong>et</strong></span> <span class='ocrx_word' id='word_1_205' title='bbox 450 2754 506 2818; x_wconf 93' lang='lat' dir='ltr'><strong>ubi</strong></span> <span class='ocrx_word' id='word_1_206' title='bbox 530 2753 571 2819; x_wconf 87' lang='lat' dir='ltr'><strong>ad</strong></span> <span class='ocrx_word' id='word_1_207' title='bbox 590 2754 767 2821; x_wconf 84' lang='lat' dir='ltr'><strong>exereitum</strong></span> <span class='ocrx_word' id='word_1_208' title='bbox 789 2757 882 2838; x_wconf 90' lang='lat' dir='ltr'><strong>redit,</strong></span> <span class='ocrx_word' id='word_1_209' title='bbox 901 2757 996 2821; x_wconf 86' lang='lat' dir='ltr'><strong>duces</strong></span> <span class='ocrx_word' id='word_1_210' title='bbox 1016 2778 1094 2841; x_wconf 92' lang='lat' dir='ltr'><strong>quo·</strong></span> 
     </span>
     <span class='ocr_line' id='line_1_30' title="bbox 82 2841 1150 2928; baseline -0.003 -20"><span class='ocrx_word' id='word_1_211' title='bbox 82 2866 143 2928; x_wconf 92' lang='lat' dir='ltr'><strong>que</strong></span> <span class='ocrx_word' id='word_1_212' title='bbox 163 2845 268 2908; x_wconf 88' lang='lat' dir='ltr'><strong>laetos</strong></span> <span class='ocrx_word' id='word_1_213' title='bbox 288 2843 375 2908; x_wconf 89' lang='lat' dir='ltr'><strong>facto</strong></span> <span class='ocrx_word' id='word_1_214' title='bbox 397 2843 581 2928; x_wconf 89' lang='lat' dir='ltr'><strong>participat.</strong></span> <span class='ocrx_word' id='word_1_215' title='bbox 619 2841 758 2911; x_wconf 92' lang='lat' dir='ltr'><strong>Omnem</strong></span> <span class='ocrx_word' id='word_1_216' title='bbox 780 2846 956 2911; x_wconf 87' lang='lat' dir='ltr'><strong>exercitum</strong></span> <span class='ocrx_word' id='word_1_217' title='bbox 977 2845 1040 2910; x_wconf 91' lang='lat' dir='ltr'><strong>sibi</strong></span> <span class='ocrx_word' id='word_1_218' title='bbox 1076 2848 1150 2906; x_wconf 85' lang='lat' dir='ltr'><strong>XVI.</strong></span> 
     </span>
     <span class='ocr_line' id='line_1_31' title="bbox 81 2932 1135 3016; baseline 0.005 -20"><span class='ocrx_word' id='word_1_219' title='bbox 81 2933 147 2997; x_wconf 93' lang='lat' dir='ltr'><strong>iam</strong></span> <span class='ocrx_word' id='word_1_220' title='bbox 171 2933 300 3016; x_wconf 89' lang='lat' dir='ltr'><strong>iamque</strong></span> <span class='ocrx_word' id='word_1_221' title='bbox 324 2932 437 2997; x_wconf 90' lang='lat' dir='ltr'><strong>adesse</strong></span> <span class='ocrx_word' id='word_1_222' title='bbox 455 2932 651 2997; x_wconf 89' lang='lat' dir='ltr'><strong>instructum</strong></span> <span class='ocrx_word' id='word_1_223' title='bbox 672 2934 771 2999; x_wconf 88' lang='lat' dir='ltr'><strong>armis</strong></span> <span class='ocrx_word' id='word_1_224' title='bbox 794 2933 894 2998; x_wconf 91' lang='lat' dir='ltr'><strong>iubet.</strong></span> <span class='ocrx_word' id='word_1_225' title='bbox 936 2933 998 3010; x_wconf 85' lang='lat' dir='ltr'><strong>Qui</strong></span> <span class='ocrx_word' id='word_1_226' title='bbox 1021 2955 1094 2998; x_wconf 89' lang='lat' dir='ltr'><strong>eum</strong></span> <span class='ocrx_word' id='word_1_227' title='bbox 1109 2961 1135 3001; x_wconf 84' lang='lat' dir='ltr'><strong>eo</strong></span> 
     </span>
     <span class='ocr_line' id='line_1_32' title="bbox 83 3020 1094 3104; baseline 0 -20"><span class='ocrx_word' id='word_1_228' title='bbox 83 3022 187 3085; x_wconf 90' lang='lat' dir='ltr'><strong>omnis</strong></span> <span class='ocrx_word' id='word_1_229' title='bbox 212 3021 246 3084; x_wconf 90' lang='lat' dir='ltr'><strong>in</strong></span> <span class='ocrx_word' id='word_1_230' title='bbox 266 3023 396 3085; x_wconf 88' lang='lat' dir='ltr'><strong>centum</strong></span> <span class='ocrx_word' id='word_1_231' title='bbox 415 3024 447 3084; x_wconf 91' lang='lat' dir='ltr'><strong>et</strong></span> <span class='ocrx_word' id='word_1_232' title='bbox 466 3021 584 3104; x_wconf 85' lang='lat' dir='ltr'><strong>viginti</strong></span> <span class='ocrx_word' id='word_1_233' title='bbox 604 3020 737 3086; x_wconf 91' lang='lat' dir='ltr'><strong>milibus</strong></span> <span class='ocrx_word' id='word_1_234' title='bbox 756 3025 989 3103; x_wconf 88' lang='lat' dir='ltr'><strong>numeraretur,</strong></span> <span class='ocrx_word' id='word_1_235' title='bbox 1012 3020 1094 3098; x_wconf 71' lang='lat' dir='ltr'><strong>‘Na&#39;</strong></span> 
     </span>
     <span class='ocr_line' id='line_1_33' title="bbox 81 3108 1095 3194; baseline 0 -20"><span class='ocrx_word' id='word_1_236' title='bbox 81 3110 198 3194; x_wconf 89' lang='lat' dir='ltr'><strong>inquit,</strong></span> <span class='ocrx_word' id='word_1_237' title='bbox 221 3108 272 3173; x_wconf 76' lang='lat' dir='ltr'><strong>‘ne</strong></span> <span class='ocrx_word' id='word_1_238' title='bbox 297 3109 341 3173; x_wconf 92' lang='lat' dir='ltr'><strong>sit</strong></span> <span class='ocrx_word' id='word_1_239' title='bbox 363 3109 456 3174; x_wconf 86' lang='lat' dir='ltr'><strong>vobis</strong></span> <span class='ocrx_word' id='word_1_240' title='bbox 481 3109 612 3193; x_wconf 91' lang='lat' dir='ltr'><strong>aliquid,</strong></span> <span class='ocrx_word' id='word_1_241' title='bbox 634 3109 763 3191; x_wconf 87' lang='lat' dir='ltr'><strong>milites,</strong></span> <span class='ocrx_word' id='word_1_242' title='bbox 787 3109 872 3193; x_wconf 91' lang='lat' dir='ltr'><strong>quod</strong></span> <span class='ocrx_word' id='word_1_243' title='bbox 892 3110 1095 3174; x_wconf 88' lang='lat' dir='ltr'><strong>cunctemini.</strong></span> 
     </span>
    </p>
   </div>
   <div class='ocr_carea' id='block_1_4' title="bbox 83 3352 1178 3636">
    <p class='ocr_par' dir='ltr' id='par_1_4' title="bbox 83 3352 1178 3636">
     <span class='ocr_line' id='line_1_34' title="bbox 175 3352 1096 3424; baseline 0.002 -17"><span class='ocrx_word' id='word_1_244' title='bbox 175 3360 189 3407; x_wconf 88' lang='lat'>1</span> <span class='ocrx_word' id='word_1_245' title='bbox 209 3354 303 3408; x_wconf 88' lang='lat' dir='ltr'><strong>animo</strong></span> <span class='ocrx_word' id='word_1_246' title='bbox 325 3354 358 3409; x_wconf 95' lang='lat' dir='ltr'><strong>P.</strong></span> <span class='ocrx_word' id='word_1_247' title='bbox 384 3352 510 3408; x_wconf 91' lang='lat' dir='ltr'><strong>animum</strong></span> <span class='ocrx_word' id='word_1_248' title='bbox 529 3354 588 3408; x_wconf 87' lang='lat' dir='ltr'><strong>Mr.</strong></span> <span class='ocrx_word' id='word_1_249' title='bbox 666 3359 682 3408; x_wconf 81' lang='lat'><strong>5</strong></span> <span class='ocrx_word' id='word_1_250' title='bbox 702 3352 865 3424; x_wconf 88' lang='lat' dir='ltr'><strong>spectabilis</strong></span> <span class='ocrx_word' id='word_1_251' title='bbox 884 3352 969 3408; x_wconf 87' lang='lat' dir='ltr'><strong>Dario</strong></span> <span class='ocrx_word' id='word_1_252' title='bbox 987 3353 1096 3422; x_wconf 81' lang='lat' dir='ltr'><strong>scripsi.</strong></span> 
     </span>
     <span class='ocr_line' id='line_1_35' title="bbox 83 3423 1178 3495; baseline 0.001 -17"><span class='ocrx_word' id='word_1_253' title='bbox 83 3424 170 3479; x_wconf 88' lang='lat' dir='ltr'><strong>Dario</strong></span> <span class='ocrx_word' id='word_1_254' title='bbox 190 3424 354 3495; x_wconf 87' lang='lat' dir='ltr'><strong>spectabilis</strong></span> <span class='ocrx_word' id='word_1_255' title='bbox 369 3425 403 3478; x_wconf 92' lang='lat' dir='ltr'><strong>P.</strong></span> <span class='ocrx_word' id='word_1_256' title='bbox 442 3429 476 3478; x_wconf 85' lang='lat'><strong>14</strong></span> <span class='ocrx_word' id='word_1_257' title='bbox 494 3423 612 3494; x_wconf 89' lang='lat' dir='ltr'><strong>Utrique</strong></span> <span class='ocrx_word' id='word_1_258' title='bbox 628 3424 687 3480; x_wconf 87' lang='lat' dir='ltr'><strong>Mr.</strong></span> <span class='ocrx_word' id='word_1_259' title='bbox 706 3426 822 3493; x_wconf 88' lang='lat' dir='ltr'><strong>uterque</strong></span> <span class='ocrx_word' id='word_1_260' title='bbox 839 3425 873 3479; x_wconf 88' lang='lat' dir='ltr'><strong>P.</strong></span> <span class='ocrx_word' id='word_1_261' title='bbox 912 3431 944 3480; x_wconf 88' lang='lat'><strong>18</strong></span> <span class='ocrx_word' id='word_1_262' title='bbox 964 3441 1024 3479; x_wconf 89' lang='lat' dir='ltr'><strong>sese</strong></span> <span class='ocrx_word' id='word_1_263' title='bbox 1038 3424 1096 3480; x_wconf 86' lang='lat' dir='ltr'><strong>Mr.</strong></span> <span class='ocrx_word' id='word_1_264' title='bbox 1175 3456 1178 3460; x_wconf 94' lang='lat'>·</span> 
     </span>
     <span class='ocr_line' id='line_1_36' title="bbox 85 3494 1096 3568; baseline 0.001 -18"><span class='ocrx_word' id='word_1_265' title='bbox 85 3512 144 3550; x_wconf 88' lang='lat' dir='ltr'><strong>esse</strong></span> <span class='ocrx_word' id='word_1_266' title='bbox 165 3496 199 3550; x_wconf 91' lang='lat' dir='ltr'><strong>P.</strong></span> <span class='ocrx_word' id='word_1_267' title='bbox 254 3502 289 3551; x_wconf 81' lang='lat'><strong>26</strong></span> <span class='ocrx_word' id='word_1_268' title='bbox 307 3494 493 3549; x_wconf 83' lang='lat' dir='ltr'><strong>Eumedmum</strong></span> <span class='ocrx_word' id='word_1_269' title='bbox 512 3494 544 3552; x_wconf 91' lang='lat' dir='ltr'><strong>P.</strong></span> <span class='ocrx_word' id='word_1_270' title='bbox 595 3500 629 3550; x_wconf 77' lang='grc'><strong>27</strong></span> <span class='ocrx_word' id='word_1_271' title='bbox 649 3496 838 3564; x_wconf 88' lang='lat' dir='ltr'><strong>dereliquerat</strong></span> <span class='ocrx_word' id='word_1_272' title='bbox 856 3497 975 3568; x_wconf 76' lang='lat' dir='ltr'><strong>Bopseu,</strong></span> <span class='ocrx_word' id='word_1_273' title='bbox 994 3497 1096 3551; x_wconf 79' lang='lat' dir='ltr'><strong>Philet.</strong></span> 
     </span>
     <span class='ocr_line' id='line_1_37' title="bbox 86 3564 1096 3636; baseline 0.003 -16"><span class='ocrx_word' id='word_1_274' title='bbox 86 3569 161 3621; x_wconf 80' lang='grc'><em>1883</em></span> <span class='ocrx_word' id='word_1_275' title='bbox 175 3583 206 3636; x_wconf 82' lang='lat' dir='ltr'><strong>p.</strong></span> <span class='ocrx_word' id='word_1_276' title='bbox 221 3570 282 3623; x_wconf 78' lang='lat'><strong>308.</strong></span> <span class='ocrx_word' id='word_1_277' title='bbox 302 3565 481 3635; x_wconf 88' lang='lat' dir='ltr'><strong>delinquerat</strong></span> <span class='ocrx_word' id='word_1_278' title='bbox 496 3564 529 3620; x_wconf 89' lang='lat' dir='ltr'><strong>P.</strong></span> <span class='ocrx_word' id='word_1_279' title='bbox 550 3567 707 3636; x_wconf 84' lang='lat' dir='ltr'><strong>deliquerat</strong></span> <span class='ocrx_word' id='word_1_280' title='bbox 722 3569 779 3623; x_wconf 87' lang='lat' dir='ltr'><strong>Mr.</strong></span> <span class='ocrx_word' id='word_1_281' title='bbox 817 3573 851 3622; x_wconf 83' lang='grc'><strong>31</strong></span> <span class='ocrx_word' id='word_1_282' title='bbox 870 3566 913 3623; x_wconf 89' lang='lat' dir='ltr'><strong>Ne</strong></span> <span class='ocrx_word' id='word_1_283' title='bbox 933 3569 991 3623; x_wconf 86' lang='lat' dir='ltr'><strong>Mr.</strong></span> <span class='ocrx_word' id='word_1_284' title='bbox 1012 3585 1047 3623; x_wconf 91' lang='lat' dir='ltr'><strong>en</strong></span> <span class='ocrx_word' id='word_1_285' title='bbox 1062 3568 1096 3622; x_wconf 92' lang='lat' dir='ltr'><strong>P.</strong></span> 
     </span>
    </p>
   </div>
   <div class='ocr_carea' id='block_1_5' title="bbox 0 0 1207 3938">
    <p class='ocr_par' dir='ltr' id='par_1_5' title="bbox 0 0 1207 3938">
     <span class='ocr_line' id='line_1_38' title="bbox 0 0 1207 3938; baseline 0 0"><span class='ocrx_word' id='word_1_286' title='bbox 0 0 1207 3938; x_wconf 95' lang='lat' dir='ltr'><strong> </strong></span> 
     </span>
    </p>
   </div>
  </div>
 </body>
</html>
