2362 3938
228 435 355 479 Ilionam
378 435 543 490 AVCTORIS,
565 433 723 476 FORTASSB
746 433 874 476 VLPIANI

154 526 225 599 oa
252 505 534 599 calulate
562 523 966 596 coculriouvll

478 683 630 752 expositio.

146 829 188 884 Ex
206 827 347 883 codicibus
365 842 441 889 msa,
465 827 515 895 qui
532 826 669 880 Notitiam
693 824 863 895 dignitatum
884 826 1033 894 utriusque
1046 839 1082 889 [aa

78 895 191 966 imperii
209 894 362 958 continent,
379 895 501 947 maxime
518 893 680 947 Victoriano
697 892 857 947 Monacensi
874 891 927 945 hoc
946 897 1035 960 caput

78 964 185 1083 grimm
204 961 294 1016 edidit
310 959 498 1030 Boeckingius
520 961 549 1013 in
572 976 688 1030 corpore
710 960 779 1013 iuris
801 958 1034 1013 antciustinianei

102 1028 218 1084 ennensi
235 1046 263 1096 p.
285 1033 341 1081 173.
358 1026 491 1095 idemque
508 1028 629 1082 lectione
642 1027 745 1081 codicis
756 1027 875 1081 Parisini
893 1025 991 1080 addita
1004 1030 1034 1082 et

78 1097 232 1230 {3333
248 1093 1033 1229 itit,militattitillamentisfitia

77 1230 162 1283 notae
185 1229 304 1283 fortasse
327 1228 538 1282 Institutionum
560 1229 605 1282 vel
626 1229 798 1297 Regularum
824 1228 902 1282 libris
925 1179 958 1280 id
986 1228 1034 1282 dc·

78 1297 222 1365 sumptum
239 1311 308 1363 esse,
326 1294 454 1350 dubitare
472 1311 527 1350 non
544 1295 620 1349 licet.
648 1295 697 1348 Est
715 1296 789 1350 enim
806 1295 876 1348 haec
929 1295 1034 1348 aduum

80 1365 219 1418 enarratio
237 1378 301 1417 meo
319 1361 433 1430 quidem
449 1363 553 1417 iudicio
566 1362 699 1425 omnium,
717 1379 789 1430 quae
802 1363 899 1420 exstan
914 1403 921 1429 ,
939 1362 969 1414 in
981 1362 1034 1416 hac

78 1431 220 1484 brevitate
239 1430 459 1507 elegantissima3
479 1433 582 1484 etcum
594 1429 677 1482 simul
689 1427 812 1484 Gaianae
824 1429 888 1496 illi,¹
901 1445 987 1497 quam
1000 1446 1034 1482 ex

79 1497 127 1556 lib.
145 1503 170 1552 8.
192 1497 228 1552 ad
250 1497 375 1550 edictum
396 1497 567 1564 provinciale
590 1497 719 1550 novimus
740 1499 770 1549 in
792 1495 823 1550 a.
849 1503 873 1552 1.
892 1503 915 1550 3.
939 1497 972 1551 D.
998 1497 1033 1550 dc

99 1564 158 1619 rad.
178 1565 207 1619 ct
224 1563 306 1622 adfin.
320 1568 372 1629 (38,
386 1566 438 1631 10),
451 1564 594 1616 simillima
604 1565 771 1631 tantumque
783 1564 821 1616 sit
833 1563 977 1627 concisior,
998 1563 1034 1617 de

80 1583 203 1709 fllpiani,
221 1631 270 1698 qui
286 1632 329 1684 ita
340 1629 441 1684 Gaium
459 1630 539 1698 sequi
550 1631 646 1696 soleat,
659 1630 832 1700 Regularum
848 1630 921 1683 libro
941 1631 1035 1699 singu·

79 1699 134 1753 lari
151 1699 276 1776 cogitare
293 1699 368 1756 licet.
399 1696 490 1761 Quare
509 1713 611 1767 operae
628 1698 752 1819 ἔξω
769 1697 832 1763 fuit,
851 1713 913 1751 eam
927 1714 1035 1774 amen-

81 1766 131 1829 dia,
150 1766 252 1833 qmbus
270 1764 361 1817 adhuc
372 1763 527 1830 laborabat,
539 1781 630 1834 purga
700 1765 746 1818 hic
759 1764 871 1819 referre.
901 1764 1035 1817 Animad-

80 1832 154 1886 verti
190 1831 299 1895 uidem,
317 1831 436 1884 stemma
458 1832 669 1900 cognationum,
691 1832 767 1898 quod
784 1831 853 1884 Lud.
874 1831 1036 1886 Charondae

82 1915 116 1954 ex
134 1915 166 1952 co
197 1915 228 1952 ce
246 1897 460 1951 Institutionum
477 1898 647 1967 Dionysiano
664 1899 822 1967 publicavit
840 1897 886 1960 (de
905 1914 961 1965 quo
979 1898 1034 1952 vid.

81 1967 178 2019 notam
195 1967 319 2019 nostram
335 1965 351 1998 *
369 1965 405 2018 ad
423 1965 501 2019 Paul.
515 1972 541 2030 4,
557 1968 607 2032 11),
625 1966 667 2018 ita
684 1965 767 2032 plane
786 1964 822 2017 ad
837 1964 921 2017 huius
934 1980 1036 2033 cogna-

80 2034 189 2086 tionum
207 2031 400 2098 descriptionis
418 2032 585 2085 sententiam
604 2031 727 2084 effictum
740 2047 809 2093 esse,
826 2032 859 2082 ut
875 2029 905 2081 id
923 2046 1035 2097 quoque

82 2099 117 2152 ab
135 2098 235 2153 eodem
253 2099 367 2152 auctore
384 2099 543 2166 profectum
561 2113 619 2151 esse
631 2096 769 2150 videatur.
800 2095 869 2149 Cum
884 2111 949 2148 vero
962 2097 1036 2150 hanc

81 2166 173 2234 ipsam
191 2166 227 2219 ob
246 2181 358 2219 causam
376 2165 447 2218 nihil
466 2165 534 2218 novi
551 2164 677 2232 praestet
698 2165 727 2216 et
743 2161 876 2215 mendose
894 2161 970 2230 typis
989 2178 1035 2217 ex-

83 2233 218 2301 scriptum
236 2248 294 2286 esee
312 2231 452 2300 videatur,
471 2231 659 2285 omittendum
675 2229 705 2282 id
724 2230 798 2286 duxi.

155 2387 176 2456 1)
192 2389 279 2440 Miror
295 2389 454 2455 Bocclrinpio
472 2392 578 2440 similem
596 2391 676 2439 uisum
690 2403 744 2439 esse
760 2389 915 2438 Paulliauae
932 2391 1036 2452 exposi-

82 2463 148 2512 tioni
161 2462 189 2510 in
202 2459 343 2510 Sententiis
357 2468 382 2509 et
395 2460 427 2509 L.
442 2472 475 2510 ιο.
495 2461 527 2510 D.
542 2461 574 2510 cle
585 2461 662 2528 prud.
678 2457 727 2526 (aa,
742 2459 787 2524 ιο).
821 2458 852 2508 Ut
865 2459 913 2508 lloc
927 2474 978 2509 uno
993 2460 1037 2508 de·

80 2533 193 2596 funpar,
210 2530 291 2580 Gaius
304 2537 329 2580 et
342 2531 385 2580 tic
400 2532 514 2581 incertus
532 2532 646 2594 scriptor
665 2533 812 2596 potetatem
826 2529 1038 2580 consobrinorum

83 2602 277 2666 appellationem
287 2608 315 2649 ut
324 2603 455 2666 culparem
465 2609 490 2650 et
499 2603 581 2651 minus
591 2603 729 2665 propriam
736 2608 832 2651 tantum
840 2617 891 2651 non
901 2602 1038 2659 reiiciunt,·

84 2673 195 2721 Paullus
208 2673 392 2735 consequitur
406 2679 430 2720 et
444 2679 542 2721 tantum
556 2673 678 2736 quosdam
687 2674 808 2735 propriis
823 2671 1040 2736 appellationibus

79 2745 220 2807 patrueles,
235 2743 362 2803 amitinos,
378 2742 545 2792 consobrinos
559 2744 711 2793 distinxisse
726 2743 816 2806 refert.

452 3023 663 3032 -—-——..
