2376 3938
87 195 149 259 118
431 192 461 250 O.
479 193 617 250 thllRl
632 193 762 250 mucci

84 347 220 424 increpat
242 351 272 404 et
295 345 372 406 seris
394 341 559 404 Vulcanum
581 352 693 404 maesta
716 342 869 425 querellis,

86 435 172 494 cuius
194 432 387 494 flammiferos
409 430 494 492 uidet
514 435 598 494 inter·
617 435 700 511 regia
722 440 825 494 tames

84 539 197 602 pascua
219 520 391 583 Tartaream
413 520 574 600 proflantes
596 528 718 600 pectore
735 525 871 583 noctem.
1054 533 1094 584 ttt

87 610 163 671 haec
186 613 297 671 etenim
320 610 433 689 Minyas
452 627 489 669 ne
512 611 639 688 iungere
661 609 755 671 Marte
778 617 903 690 peraeto

85 707 220 762 monstra
244 698 320 760 datis
342 697 443 758 iubeat
466 696 586 759 Cadmei
609 697 748 759 dentibus
772 699 870 780 hydri,

85 795 154 849 ante
177 787 256 848 diem
278 790 364 849 timet
387 794 417 847 ct
435 788 534 848 uarias
555 788 761 866 circumspicit
779 794 868 848 artes.

86 876 148 937 sola
171 878 269 936 animo
292 875 395 936 Medea
418 873 511 956 subit,
534 893 619 936 mens
641 878 739 936 omnis
761 877 792 937 in
816 893 876 936 una

87 966 219 1047 uirgine,
242 966 399 1026 nocturnis
423 982 480 1043 quia
499 963 579 1025 nulla
600 966 752 1044 potentior
774 966 843 1026 aris.
1052 976 1099 1026 ⁴440

86 1053 166 1115 illius
189 1053 225 1114 ad
248 1054 387 1115 fremitus
403 1070 589 1132 sparsosque
612 1071 669 1132 per
691 1055 757 1114 auia
781 1071 871 1114 sucos
919 1122 923 1130 ,

87 1141 185 1201 sidera
206 1142 264 1200 fixa
286 1149 398 1221 pauent
420 1148 451 1200 et
473 1144 522 1202 aui
545 1149 646 1222 stupet
669 1141 764 1203 orbita
784 1141 870 1204 Solis.

87 1237 182 1290 mutat
205 1246 292 1307 agros
314 1229 501 1307 lluuiumque
525 1232 603 1312 uias,
622 1249 700 1291 uuus
721 1229 821 1309 alligat
844 1232 955 1310 ingens

88 1324 197 1377 cuncta
219 1335 322 1398 sopor,
344 1319 483 1396 recoquit
506 1319 601 1381 fessos
624 1326 720 1380 aetate
743 1326 883 1398 parentes

73 1405 196 1484 datque
220 1405 290 1465 alias
314 1407 378 1466 sine
401 1405 466 1485 lage
490 1406 582 1469 colus.
628 1407 705 1468 hanc
727 1408 855 1468 maxima
878 1406 967 1469 (dirce
1058 1415 1101 1469 stt
1140 1422 1142 1428 ·

87 1495 226 1556 terrificis
249 1497 354 1557 mirata
376 1495 487 1576 modis,
509 1495 586 1557 hanc
609 1498 723 1559 aduena
743 1494 883 1578 Phrixus,

68 1586 225 1664 ¹quamuis
248 1583 367 1645 Atracio
389 1583 491 1645 lunam
514 1602 653 1663 spumare
677 1600 794 1646 ueneno

89 1674 181 1734 sciret
204 1680 234 1734 et
255 1672 427 1734 Haemoniis
451 1674 556 1751 agitari
577 1671 717 1735 cantibus
739 1672 870 1734 umbras.

88 1779 160 1838 ergo
184 1761 290 1840 opihus
309 1763 431 1840 magicis
454 1769 485 1822 et
508 1763 679 1840 uirginitate
702 1761 888 1824 tremendam

88 1848 163 1909 luno
187 1850 262 1931 duci,
280 1853 391 1911 sociam
413 1853 595 1929 coniungere
619 1852 737 1930 quaerit
759 1849 882 1912 Achiuo.
969 1915 979 1920 ,
1052 1860 1101 1911 tot

87 1956 148 1998 non
171 1937 257 2000 aliam
279 1941 375 2000 tauris
398 1938 481 2000 uidet
504 1947 533 2000 et
556 1939 748 2002 nascentibus
771 1941 862 2000 armis

87 2028 197 2106 quippe
221 2046 323 2108 parem
346 2047 402 2089 nec
425 2029 474 2088 cui
498 2029 595 2089 medio
616 2035 677 2091 stet
699 2031 730 2090 in
753 2029 869 2106 agmine
893 2025 1040 2110 damae,

88 2115 203 2177 nullum
226 2125 326 2178 mente
349 2118 445 2197 nefas,
469 2116 567 2177 nullos
590 2117 767 2178 horrescere
787 2118 880 2178 uisus.

89 2204 161 2283 quid
184 2206 210 2265 si
233 2223 340 2267 caecus
363 2223 445 2267 amor
469 2207 637 2285 saeuusque
661 2207 821 2267 accesserit
842 2199 946 2284 ignis?

87 2292 161 2353 hinc
180 2293 309 2355 Ueneris
332 2294 476 2355 thalamos
499 2313 677 2374 semperque
701 2296 833 2356 recentia
857 2296 948 2354 sertis
1056 2300 1100 2352 tu

88 2388 168 2442 tecta
189 2385 274 2461 petit.
320 2385 385 2443 uisa
407 2383 580 2444 iamdudum
602 2383 720 2463 prosilit
744 2383 810 2444 altis

87 2467 157 2530 diua
180 2472 255 2529 toris
278 2470 496 2549 uolucrumque
520 2474 680 2533 exercitus·
693 2474 791 2533 omnis
813 2471 968 2531 Amorum.

86 2575 123 2616 ac
145 2559 229 2633 prior
251 2557 327 2617 hanc
350 2557 473 2637 placidis
496 2559 622 2640 supplex
645 2560 783 2622 Saturnia
806 2558 894 2619 dictis

86 2644 262 2723 ,adgreditur
284 2663 374 2705 ueros
398 2653 534 2709 metucns
557 2651 674 2728 aperire
698 2651 830 2710 timores

87 2728 133 2793 ‘in
156 2732 293 2795 manibus
317 2751 385 2813 spes
408 2743 511 2797 nostra
533 2739 594 2798 tuis
616 2739 773 2817 omnisque
796 2741 930 2815 potestas
1054 2735 1103 2792 ttt

88 2818 181 2885 uiinc'
205 2824 259 2904 ait3
283 2818 350 2884 ‘hoc
374 2826 493 2885 eniam
516 2827 609 2904 magis
633 2825 729 2886 adnue
752 2842 825 2886 uera
848 2823 963 2885 fatenti

89 2912 184 2974 durus
195 2915 240 2973 ‘ut
263 2912 408 2992 Argolicis
431 2912 605 2993 Tirynthius
630 2914 729 2974 exulat
752 2915 822 2992 oris,

90 3020 175 3063 mens
198 3001 271 3062 mihi
289 3020 350 3062 non
373 3002 476 3063 eadem
494 3002 575 3063 louis
598 3009 687 3080 atque
711 3019 816 3062 auersa
838 2998 990 3081 uoluntas,

90 3091 190 3152 nullus
212 3090 309 3151 honor
331 3091 467 3151 thalamis
490 3091 664 3151 llammacue
687 3092 719 3150 in
742 3097 830 3150 nocte
853 3089 981 3167 priores.

87 3180 143 3262 da,
165 3197 287 3260 precor,
310 3180 433 3240 artificis
455 3177 561 3240 blanda
585 3177 784 3256 adspiramina
807 3177 919 3238 formae
1057 3182 1105 3235 stt

91 3276 273 3347 ornatusque
296 3276 365 3329 tuos
388 3275 469 3329 terra
492 3266 633 3345 caeloque
656 3259 816 3345 potentes?

91 3358 186 3418 sensit
208 3355 277 3418 diua
300 3355 384 3417 dolos
407 3355 604 3436 iampridem
626 3361 733 3434 sponte
756 3354 916 3432 requirens

89 3440 230 3506 Colchida
254 3453 284 3510 et
306 3447 398 3509 inuisi
421 3463 514 3526 genus
537 3461 623 3504 omne
648 3440 807 3505 excindere
829 3439 954 3504 Phoebi.

75 3542 146 3600 tum
172 3555 250 3602 uero
276 3539 392 3624 optatis
414 3537 550 3621 potitum
568 3549 628 3593 nec
646 3546 739 3609 passa
753 3531 876 3604 precum
