2362 3938
421 698 458 781 O.
486 695 661 780 vatim
688 694 851 779 mucul

289 876 985 976 ARGONAUTIOON

453 1083 605 1149 LIBER
629 1082 827 1151 SEXTUS.

127 1426 165 1488 dt
187 1423 260 1505 uigil
282 1423 378 1485 isdem
400 1422 485 1484 ardet
508 1423 594 1484 furiis
618 1422 766 1485 Gradiuus
790 1432 820 1485 et
843 1426 905 1485 acri

66 1517 69 1520 ’
127 1513 218 1577 corde
241 1521 337 1575 tumet
360 1530 415 1573 neo
440 1529 513 1591 quas
536 1513 632 1593 acies,
656 1530 731 1592 quae
755 1520 853 1573 castra
875 1520 1030 1596 sequatur,

124 1604 254 1683 inuenit3
277 1603 321 1662 ire
344 1602 441 1682 placet
458 1599 578 1662 tandem
595 1619 796 1681 praesensque
819 1600 933 1683 uidere,

127 1700 263 1753 sternere
287 1692 312 1750 si
335 1690 447 1769 Minyas
470 1707 636 1770 magnoque
660 1688 825 1769 rependere
848 1689 933 1751 luctu

126 1781 207 1859 regis
230 1786 316 1859 pacta
339 1785 428 1858 queat
451 1777 627 1858 Graiamque
651 1777 807 1838 absumere
830 1777 950 1858 pubem
1127 1787 1142 1839 t

127 1867 236 1948 inpulit
258 1866 328 1928 hinc
352 1884 474 1948 curruS,
497 1875 666 1927 monstrum
688 1866 889 1927 inreuocabile
913 1866 987 1928 belli

128 1958 317 2038 concutiens,
341 1955 538 2035 Scythiaeque
562 1973 654 2035 super
676 1956 805 2015 tentoria
828 1957 918 2018 sistit.

126 2045 265 2125 protinus
288 2063 305 2104 e
329 2046 436 2105 castris
460 2044 535 2123 fugit
558 2062 662 2124 sopor3
686 2045 783 2104 excita
804 2043 872 2124 tela,

128 2133 242 2195 turbati
265 2134 364 2193 coiere
388 2132 493 2193 duces:
515 2132 571 2192 hos
594 2135 718 2212 insuper
741 2133 846 2211 ingens

129 2223 344 2303 summouet,
367 2228 430 2282 rate
455 2239 530 2301 quae
554 2238 637 2281 sacra
661 2218 801 2300 uulgabat
823 2218 954 2280 Achiuos
1113 2231 1144 2282 ιο

127 2310 286 2371 aduenisse
310 2312 358 2371 sui
380 2317 552 2389 repetentes
575 2308 686 2369 uellera
709 2308 821 2387 Phrixi,

127 2416 203 2476 quos
226 2397 321 2458 malus
345 2396 474 2476 hospitio
497 2399 658 2476 iunctaque
682 2397 718 2456 ad
741 2396 862 2457 foedera
885 2395 991 2458 dextra
1101 2455 1104 2460 .

127 2484 235 2545 luserit
257 2483 364 2544 Aeetes
387 2480 483 2563 adque
507 2486 539 2545 in
562 2503 616 2545 sua
639 2486 765 2546 traxerit
788 2502 878 2545 arma.

171 2571 265 2654 Ergo,
289 2571 421 2632 consiliis
443 2571 515 2632 dum
538 2590 597 2632 nox
620 2579 706 2633 uacat
729 2573 788 2633 alta
810 2573 976 2654 mouendis,

128 2659 243 2740 legatos
265 2660 362 2740 placet
384 2662 429 2720 ire
452 2659 554 2742 duces,
577 2660 773 2741 mandataque
788 2661 896 2722 Perses
1115 2670 1147 2722 15

128 2748 247 2830 edocet,
271 2747 364 2809 adfari
387 2748 500 2828 Minyas
524 2749 719 2829 fraudemque
742 2752 861 2829 tyranni

130 2846 162 2899 ut
185 2846 333 2900 moneant.
379 2840 501 2917 quinam
522 2838 593 2899 hinc
617 2833 739 2899 animos
755 2839 902 2899 auerterit
924 2833 1035 2899 error?

128 2945 161 2987 se
183 2929 314 3007 primum
336 2925 507 2988 Haemoniis
529 2927 681 2989 hortatum
704 2945 738 2987 ea
761 2926 873 2987 uellera
896 2928 986 2988 terris

128 3015 255 3077 reddere
279 3023 309 3077 et
332 3019 456 3077 exuuias
479 3016 603 3096 pecudis
626 3016 776 3077 dimittere
800 3033 915 3076 sacrae:

126 3102 198 3164 hinc
221 3103 323 3165 odium
346 3113 376 3165 et
399 3106 474 3166 tanti
497 3107 617 3165 uenisse
642 3103 763 3165 exordia
781 3103 860 3164 belli.
1114 3113 1148 3163 20

127 3191 202 3268 quin
224 3193 325 3271 potius
348 3191 542 3271 dextramque
567 3211 652 3254 suam
676 3211 788 3272 suaque
812 3211 895 3254 arma
917 3197 1093 3273 sequantur,

126 3288 179 3336 aut
201 3289 350 3359 remeent3
374 3299 471 3360 neque
495 3283 576 3340 enim
599 3281 707 3342 Aeetae
730 3283 877 3360 promissa
900 3279 1051 3360 iidemque

125 3380 193 3423 esse
216 3365 297 3446 loco;
321 3367 489 3428 abstineant
512 3367 625 3428 alienae
649 3369 793 3445 sanguine
817 3381 942 3445 pugnae.

126 3451 280 3525 nonillos
302 3455 369 3515 ideo
394 3458 470 3515 tanti
492 3456 613 3515 uenisse
636 3454 754 3514 labores
