2362 3938
410 162 529 218 ORTUS
548 162 772 218 ALEXANDRI.
1057 164 1097 228 17

77 325 209 411 liganda
228 327 295 390 tale
310 326 490 408 periculum
510 327 689 390 exstiterat.
722 326 849 410 Quippe
865 348 938 392 cum
951 326 1097 412 plerique

79 418 189 479 essent
208 414 270 478 filii
286 435 401 500 regum
420 421 453 479 et
472 415 668 499 optimatum
682 414 820 499 nobiles,
839 415 1036 499 singillatim
1056 417 1097 481 ab

76 504 129 568 his
162 502 344 567 sententias
374 503 570 583 rimabatur,
601 502 715 586 ecquid
747 503 809 567 sibi
839 504 974 586 quisque
1001 505 1097 588 polli-

79 595 216 674 ceretur,
237 591 381 655 simodo
401 591 441 655 ad
460 613 595 675 regnum
615 592 702 674 patri
722 590 915 657 succederet.
947 590 1096 676 Aliisque

78 703 171 764 opeS,
200 680 276 744 aliis
305 681 445 764 gratiam
474 679 714 764 dignitatesque
743 680 959 762 amplissimas
988 681 1123 745 verbiss

78 769 260 834 laxioribus
283 768 527 851 pollicentibus,
556 767 612 832 ubi
636 769 676 832 ad
699 766 876 832 Alexandri
901 769 1096 832 sententiam

78 860 215 922 ventum
235 860 293 939 est,
311 860 349 921 ut
367 857 447 941 ipse,
466 858 494 920 si
513 856 597 921 foret
617 878 743 940 quoque
757 854 902 941 Philippi
921 877 1096 940 successor,

80 968 177 1030 super
200 945 311 1008 futuro
336 945 558 1028 profiteretur:
588 943 702 1009 ‘Haud
730 945 878 1029 equidem
906 944 1011 1028 mihi,'
1041 947 1096 1030 ait,

80 1034 126 1098 ‘ut
151 1056 170 1097 a
195 1033 341 1115 sapiente
363 1033 428 1098 ista
451 1032 532 1099 haec
556 1034 718 1098 sententia
741 1033 869 1098 sederit.
906 1033 955 1098 De
976 1033 1095 1099 futuris

81 1124 167 1187 enim
190 1121 400 1186 instabilibus
425 1126 458 1186 et
480 1122 614 1186 incertis
637 1122 735 1186 fixam
754 1122 858 1187 dicere
878 1123 1093 1206 sponsionem,
1110 1143 1136 1183 ιο

80 1211 220 1276 errantis
240 1214 290 1274 est
308 1211 522 1295 benignitatis
542 1214 575 1274 ot
590 1210 722 1294 flabilis,
741 1232 815 1274 cum
834 1212 970 1276 crastini
989 1215 1096 1277 ratum

80 1303 199 1385 pignus
222 1299 331 1363 nullus
350 1299 445 1363 facile
463 1299 653 1384 possederit.
695 1297 789 1364 Dabo
813 1299 875 1364 tibi
898 1303 986 1384 tunc,
1010 1301 1095 1385 quod

81 1394 111 1452 et
133 1388 276 1453 facultas
301 1391 333 1451 et
355 1392 484 1471 tempus
507 1386 714 1453 hortabitur?
755 1386 879 1453 Probat
901 1390 1095 1454 Aristoteles

82 1476 335 1542 benivolentiam
359 1477 625 1560 circumspectam
648 1480 682 1541 et
705 1475 839 1561 ‘Have,’
863 1478 979 1560 inquit,
1004 1476 1094 1542 ‘sane
1158 1502 1165 1513 “

81 1571 114 1630 tu
144 1587 202 1628 rex
232 1565 379 1649 profecto
410 1565 570 1630 mundane
601 1586 674 1629 cum
703 1565 768 1629 isto
798 1564 989 1647 prudentiae
1019 1569 1095 1629 tuae
1109 1585 1135 1627 15

82 1652 247 1739 pignorel'
285 1651 393 1737 Atque
411 1653 491 1718 haec
515 1655 544 1718 ei
565 1652 671 1718 fuerat
690 1653 852 1718 sententia
871 1653 909 1717 dc
928 1653 1096 1737 magistro.

81 1743 124 1806 At
161 1763 239 1807 vero
274 1741 371 1825 vulgo
409 1746 446 1806 ut
483 1743 538 1827 qui
574 1743 717 1826 percitus
754 1745 786 1805 et
823 1741 854 1805 vi
890 1742 1008 1805 mentis
1045 1763 1096 1806 ca·

82 1831 201 1895 lentior
229 1830 427 1914 habebatur,
457 1833 603 1915 quamvis
632 1853 705 1895 eum
732 1827 904 1913 Philippus
935 1830 1001 1893 iam
1030 1830 1095 1895 sin-

81 1920 185 1983 cerius
211 1919 467 2001 amplecteretur.
515 1918 656 1984 Videbat
684 1919 770 1984 enim
793 1917 924 2000 plenam
951 1917 1093 1982 indolem

80 2009 209 2072 martiis
229 2007 394 2071 desideriis
414 2008 656 2092 regalibusque,
680 2028 718 2071 eo
743 2005 994 2071 admordebatur
1013 2006 1093 2090 solo,
1106 2027 1133 2067 so

80 2096 167 2181 quod
190 2095 274 2159 nihil
298 2095 336 2159 dc
360 2118 393 2160 se
417 2097 510 2161 vultu
534 2101 566 2160 et
589 2094 801 2161 similitudine
825 2097 1038 2160 mutuaretur.

169 2182 253 2248 Cum
276 2185 377 2267 igitur
399 2186 551 2269 pleraque
580 2206 618 2248 ex
641 2184 707 2266 his,
735 2205 815 2267 quae
845 2184 880 2247 iu
909 2182 1093 2249 studentem

79 2277 174 2356 pater
191 2272 316 2356 largius
333 2273 528 2356 conferebat,
545 2273 615 2356 ipse
634 2294 760 2357 quoque
776 2271 974 2338 liberalitate
988 2276 1093 2338 trans-

80 2362 254 2445 scriberet,
283 2359 441 2426 Zeuxidos
470 2361 654 2444 cuiusdam,
683 2382 747 2426 aaa
774 2362 908 2426 celebris
935 2362 1024 2426 illius
1054 2360 1095 2426 ad

79 2450 293 2533 pingendum,
317 2450 373 2514 sed
397 2452 483 2515 enim
506 2451 674 2514 adseculae
696 2449 831 2534 regalis,
857 2450 942 2515 tales
964 2434 1094 2514 l'tterae
1108 2469 1135 2510 25

78 2539 285 2604 deferuntur:
320 2537 453 2604 ‘Zeuxis
486 2537 638 2622 Philippo
672 2542 705 2603 et
737 2537 923 2623 Olympiadi
955 2540 1094 2603 salutem

78 2628 256 2713 plurimam
280 2625 367 2692 dicit.
408 2626 435 2690 Ε
460 2648 494 2691 re
518 2630 569 2691 est
592 2626 674 2691 scire
696 2648 755 2691 ros
779 2649 825 2710 ea,
849 2649 931 2711 quae
954 2627 1094 2692 Alexan·

79 2716 138 2781 dro
169 2715 357 2798 destinatiS,
387 2736 453 2780 non
480 2715 529 2779 illi
560 2714 600 2778 ad
629 2715 716 2800 frugi
746 2715 925 2780 custodiam
952 2716 1095 2797 retineri,

169 2966 185 3013 2
206 2976 325 3029 regnum
343 2959 376 3012 P.
418 2960 482 3014 aa
500 2960 569 3028 quid
587 2960 619 3015 P.
659 2965 809 3029 toperam
829 2959 860 3013 T.
898 2958 1041 3013 9isthaec
1062 2958 1094 3013 T.

79 3031 186 3085 sederit
206 3030 238 3085 P.
266 3029 375 3083 videret
395 3029 425 3086 Τ,
501 3036 531 3084 11
552 3030 647 3086 fabilis
665 3031 697 3084 P.
731 3030 854 3085 crastino
877 3029 910 3082 P.
980 3034 1012 3081 12
1031 3027 1095 3081 nul-

78 3101 138 3156 lum
158 3102 192 3156 P.
225 3100 280 3153 tibi
299 3101 332 3156 P.
351 3103 445 3156 tamen
467 3101 497 3155 T.
541 3108 574 3156 15
592 3102 666 3156 istuc
685 3101 718 3157 P.
758 3107 790 3155 16
810 3099 905 3155 aiom.
926 3098 959 3152 Τ.
998 3102 1030 3152 17
1050 3098 1094 3150 Ad

78 3189 159 3227 verso
182 3172 214 3226 Τ.
248 3172 372 3240 percitus
391 3175 420 3226 et
440 3173 471 3226 T.
498 3171 637 3241 spurcitus
656 3189 690 3227 ea
708 3172 740 3226 P.
780 3176 813 3225 18
832 3167 959 3237 quamvis
978 3184 1042 3221 eum
1056 3167 1094 3247 .T·

79 3262 164 3313 quam
183 3243 248 3311 quis
269 3243 304 3296 P.
348 3249 381 3298 19
400 3244 569 3313 plecteretur
590 3243 623 3299 P.
652 3243 776 3297 indolem
795 3238 974 3308 regalemque
994 3238 1025 3290 Τ.
1053 3255 1094 3290 rn-

75 3315 174 3370 dolem
203 3314 290 3368 marti
318 3313 361 3365 -i-
390 3313 536 3369 desideriis
561 3313 720 3382 regalisque
747 3312 778 3365 P.
816 3315 924 3364 secutus
950 3325 1010 3363 sam
1036 3308 1093 3362 Mr.

79 3393 112 3440 20
132 3402 223 3455 eoque
247 3384 276 3438 T.
346 3391 379 3438 21
399 3384 612 3439 similitudinem
634 3383 667 3437 P.
736 3388 770 3435 23
789 3378 991 3461 transcriberet
1010 3378 1094 3435 Oodd.
1149 3382 1165 3437 -i

78 3455 309 3512 transscenderet
323 3456 395 3511 Keil.
418 3455 588 3511 transsiliret
601 3454 702 3508 Ebert.
737 3457 774 3505 24
792 3450 938 3505 curnsdam
955 3450 984 3504 Τ.
1009 3468 1096 3520 quon-

78 3528 144 3582 dam
164 3529 198 3581 P.
227 3542 286 3579 non
303 3529 393 3595 suppl.
413 3528 472 3582 Mr.
545 3532 579 3580 27
597 3523 621 3576 Ε
639 3540 669 3579 re
687 3539 737 3579 cm.
759 3523 793 3578 P.

130 3628 219 3667 Iunius
234 3626 370 3666 Vmams.
918 3616 935 3666 2
