2362 3938
101 213 164 279 598
280 231 385 267 nourrn
402 230 510 267 verunt
528 230 627 268 esaan.
647 212 732 266 XXII.
754 219 866 267 13-20.

101 377 156 416 non
171 361 296 417 consistit
310 361 457 416 institmio.
500 356 545 420 13.
567 359 677 416 Alienus
698 375 794 416 seruus
810 360 890 416 heres
912 360 1053 415 institutus

101 446 123 499 si
139 443 247 516 quidem
262 445 290 500 iu
305 459 335 500 ea
351 460 429 501 causa
444 445 632 516 permanserit,
649 445 726 500 iussu
741 444 842 500 domini
854 442 936 500 dehet
950 444 1054 500 heredi·

101 535 184 584 tatem
199 526 287 596 adire;
311 527 385 601 quod
400 529 423 583 si
438 529 502 583 uiuo
517 535 647 584 testatore
663 529 841 583 manumissus
857 535 904 582 aut
924 526 1054 583 alienatus

102 611 240 668 adomino
256 612 355 683 suerit,
378 619 424 667 aut
446 628 496 668 suo
519 612 629 668 arbitrio
645 621 691 667 aut
711 613 787 667 iussu
807 613 938 684 emptoris
953 613 1056 685 poterit

104 695 176 751 adire
191 695 377 752 hereditatem.

165 771 229 835 ¹14.
252 779 300 837 Sui
322 780 434 836 heredes
460 775 536 854 ¹(uei
556 772 708 856 heredes)²
737 778 895 834 instituendi
925 786 990 835 sunt
1013 777 1057 835 uel

103 861 290 920 exheredandi.
327 864 369 919 sui
384 873 473 920 autem
488 863 600 920 heredes
612 872 677 919 sunt
692 861 777 933 liberi,
797 879 865 936 quos
877 864 905 919 in
920 870 1057 936 potestate

102 944 249 1018 hahemus,
274 956 326 1001 tarn
348 947 483 1005 naturales
499 963 577 1021 quam
600 947 734 1020 adoptiuI;
757 948 821 1003 item
839 963 922 1018 uxor,
945 947 1056 1018 quaein

104 1045 183 1085 meniu
199 1039 251 1100 est,
266 1038 294 1085 et
309 1045 409 1099 nurus,
427 1033 537 1103 quaein
553 1046 632 1087 uranu
648 1040 690 1086 est
705 1030 767 1101 iiiii,
783 1046 862 1103 quem
878 1031 905 1085 iu
921 1038 1057 1104 potestate

103 1111 240 1168 habemus.
284 1110 328 1171 15.
351 1112 472 1170 Postumi
495 1131 603 1188 quoque
625 1113 716 1185 liberi,
740 1113 838 1184 idest,
862 1115 956 1187 quiin
978 1123 1056 1170 utero

0 1185 182 1265 *iibesunu
208 1189 211 1269 1
235 1196 257 1250 si
274 1196 339 1251 tales
354 1206 434 1268 sunt,
457 1206 488 1254 ut
502 1201 558 1254 uati
572 1201 598 1253 in
616 1206 753 1271 potestate
774 1207 867 1254 nostra
888 1197 973 1253 surturi
992 1199 1056 1267 sint,

102 1294 213 1333 suorum
228 1278 356 1334 heredum
373 1297 485 1338 numero
500 1289 573 1338 suut.
617 1277 661 1339 16.
684 1281 721 1337 Ex
740 1284 797 1338 suis
819 1281 963 1338 heredibus
986 1280 1055 1337 iilius

103 1360 210 1434 quidem
226 1379 314 1435 neque
334 1361 413 1419 heres
433 1364 589 1435 institutus,
611 1382 700 1439 neque
719 1359 890 1421 nominatim³
912 1364 1056 1421 exhereda·

101 1455 157 1516 tus,
173 1461 227 1502 non
242 1448 344 1519 patitur
360 1447 450 1503 ualere
466 1455 665 1508 testamentum.
708 1444 750 1505 lt.
771 1449 899 1522 Reliquae
914 1465 980 1504 uero
995 1464 1056 1522 per·

102 1545 187 1584 sonae
200 1529 358 1600 liberorum,
375 1531 450 1587 uelut
465 1531 526 1601 hiia,
542 1548 636 1605 nepos,
658 1537 758 1605 neptis,
777 1535 800 1587 si
816 1535 976 1606 praeteritae
991 1536 1055 1601 sint,

103 1613 176 1669 uaiet
191 1620 395 1686 testamentum,
420 1609 496 1687 quo⁴
516 1617 624 1688 scriptis
644 1615 787 1672 heredibus
803 1616 976 1688 adcrescunt,
999 1619 1055 1671 suis

104 1697 211 1769 quidem
223 1697 365 1754 heredibus
377 1701 404 1755 in
421 1707 524 1772 partem
537 1701 651 1771 uirilem,
667 1703 801 1756 extraneis
813 1710 902 1757 autem
914 1703 941 1756 in
952 1708 1055 1774 partem

103 1780 246 1837 dimidiam.
301 1778 346 1839 18.
375 1783 495 1841 Postumi
528 1778 720 1858 ’quicunque5
753 1783 830 1839 liberi
864 1787 1055 1856 cuiuscumque

103 1877 183 1917 serus
200 1866 308 1937 omissi,
333 1869 405 1940 quod
421 1870 506 1925 ualuit
527 1878 731 1940 testamentum,
754 1869 901 1940 agnatione
918 1876 1056 1942 rumpunt.

102 1940 147 2001 19.
171 1947 239 2016 Eos,
263 1953 310 2024 qui
323 1953 350 2007 iu
366 1963 444 2010 utero
460 1963 540 2026 sunt,
564 1956 585 2009 si
607 1956 662 2009 nati
678 1955 719 2008 sui
735 1952 847 2007 herodes
870 1950 948 2006 nohis
971 1952 1058 2008 iuturi

103 2025 193 2102 'siut‚⁶
212 2050 359 2105 possumus
379 2040 521 2094 instituere
539 2036 665 2092 heredes:
685 2037 708 2089 si
729 2034 835 2106 quidem
856 2041 920 2103 post
941 2042 1058 2091 mortem

102 2122 223 2170 nostram
245 2131 406 2192 nascantur,
430 2137 461 2176 er
483 2122 541 2175 iure
563 2119 650 2184 oiuiii;
673 2119 694 2171 si
711 2132 776 2171 uero
793 2113 947 2169 uiuentibus
964 2117 1054 2189 nohis,
1068 2135 1101 2181 [at

106 2211 138 2253 et
152 2197 214 2271 lege
229 2193 342 2254 ’iunia.⁷

168 2278 218 2338 20.
244 2281 341 2358 itlius,
359 2288 446 2359 quiin
461 2293 596 2360 potestate
611 2293 667 2355 est,
683 2285 705 2338 si
722 2299 776 2338 non
792 2284 950 2338 instituatur
965 2282 1055 2357 heres,

176 2440 197 2509 ¹)
212 2442 256 2491 Ad
273 2444 312 2503 ἐς.
329 2449 423 2489 14—22.
444 2439 478 2499 ef.
496 2437 552 2487 Gai.
567 2449 592 2495 a,
608 2448 646 2488 aaa
664 2452 732 2501 seqq.
751 2437 789 2485 tit.
811 2435 833 2485 Ι.
853 2435 884 2484 de
903 2434 990 2484 exter.
1012 2436 1054 2485 tio.

104 2513 136 2580 (2,
151 2512 195 2579 13).
211 2515 233 2574 5.
244 2525 265 2563 2.
280 2512 301 2560 I.
317 2510 349 2558 de
363 2509 417 2559 her.
433 2511 500 2572 qual.
517 2507 547 2574 (2,
558 2507 601 2572 ta).
623 2508 651 2557 F.
666 2509 699 2557 A.
713 2507 841 2572 Setittinp
855 2506 970 2557 Bemerla.
982 2521 1010 2568 p.
1021 2517 1054 2557 82.

106 2582 125 2648 ιᾸ)
144 2583 288 2638 Geminiani:
303 2581 337 2644 ef.
354 2579 407 2628 FiI.
419 2595 446 2642 p.
461 2589 508 2630 att.
574 2576 594 2646 3)
615 2579 677 2629 Vae.
691 2594 751 2643 quo,
766 2579 834 2642 quod
847 2579 889 2626 hie
902 2577 977 2625 hahet
996 2577 1055 2626 Vat.

100 2655 252 2719 fugitiuum,
266 2667 312 2702 suo
327 2653 384 2701 loeo
398 2652 557 2700 restituimus
570 2652 685 2714 sequenti
698 2653 729 2711 §a
746 2657 806 2699 aute
820 2665 873 2699 ooe.
889 2648 997 2710 scriptis,
1013 2647 1056 2695 ubi

103 2726 131 2773 iu
146 2724 204 2774 Vat.
216 2731 240 2772 et
249 2723 306 2772 edd.
317 2720 523 2770 desiderabatur.
571 2718 592 2785 ⁴)
609 2721 634 2768 V
633 2722 667 2773 id.
678 2727 729 2769 not.
740 2733 774 2779 a.;
789 2726 929 2768 testamento
940 2718 1056 2779 scriptum

103 2794 215 2844 heredem
234 2792 289 2857 Uip.
305 2793 380 2841 etium
394 2791 464 2839 dimit
479 2803 516 2850 ta,
532 2803 564 2842 ta.
591 2791 655 2839 Cave
674 2806 734 2840 uero
750 2792 908 2853 particulam
927 2789 969 2837 iu'e
988 2788 1053 2836 desi·

104 2866 198 2914 derare
207 2863 404 2918 adversativum,
419 2876 484 2924 quae
494 2876 541 2910 nee
553 2861 608 2911 Gai.
619 2872 640 2918 2,
651 2871 696 2910 124.
713 2862 812 2910 excidit
816 2877 827 2917 ;
841 2861 898 2908 iure
908 2859 981 2907 ciuili
990 2861 1056 2908 euim

100 2935 260 3000 praeteritae
286 2934 334 2981 hae
358 2946 464 2980 suorum
482 2946 612 2993 personae
633 2945 683 2980 uon
705 2939 797 2980 eontra
818 2936 991 2979 testamentum
1011 2931 1058 2979 sad

105 3007 181 3071 quasi
197 3006 275 3054 tacite
295 3003 480 3052 institutricem
499 3008 645 3050 testamento
664 3002 771 3050 heredes
786 3003 860 3063 fiunt.
925 2998 949 3064 ⁶)
963 3015 1056 3063 quoque

110 3077 169 3126 Vat.
188 3076 258 3135 edd,
278 3073 347 3139 quod
363 3073 524 3136 apertissime
542 3087 592 3119 uara
615 3078 653 3119 eet
666 3072 742 3120 huius
757 3074 822 3126 looi,·
842 3078 933 3119 eontra
953 3071 1058 3119 dicendi

105 3155 181 3196 eruut
195 3148 328 3211 quicunque
343 3143 412 3193 liberi
425 3144 479 3191 aive
495 3149 523 3190 ut
537 3148 575 3190 est
588 3143 611 3201 ξ.
624 3154 644 3190 1.
659 3141 680 3188 Ι.
695 3142 720 3189 lt.
735 3148 752 3190 t.
770 3139 892 3204 ‘quolibet
906 3156 941 3207 ex
955 3137 1054 3189 lideris’

104 3219 122 3265 i.
137 3232 159 3265 e.
174 3220 348 3280 cuiuscunque
360 3214 475 3280 pradum·
489 3212 524 3275 of.
542 3211 597 3260 Gai.
613 3224 634 3267 1,
649 3221 682 3273 23,
697 3222 717 3267 a,
728 3222 762 3261 11.
787 3211 882 3258 Vitium
896 3224 957 3258 uera
971 3216 1057 3257 uatum

99 3292 166 3349 puta
185 3303 220 3334 ex
238 3295 299 3336 uota
314 3287 422 3349 q'u'o'que.
474 3279 563 3348 ³)sunt
583 3280 640 3329 Vnt.
656 3281 712 3328 edd.
765 3276 785 3345 ἵ)
801 3279 856 3327 iulia
877 3278 935 3327 Vut.
951 3286 979 3326 ut
994 3279 1056 3325 Cdd.

104 3357 126 3416 ἓ.
137 3366 157 3406 a.
178 3356 199 3404 I.
215 3357 247 3405 de
261 3356 383 3406 exhered.
399 3355 430 3422 (a,
441 3353 485 3420 13).
506 3353 544 3415 Cf.
555 3352 700 3401 Mommsen.
715 3351 742 3398 in
752 3349 841 3399 Jahrb.
853 3349 878 3397 d.
887 3362 950 3411 pem.
963 3347 1057 3395 Rechts

104 3424 141 3474 II.
162 3441 190 3488 p.
210 3437 257 3476 aaa.
297 3425 350 3476 Sed
373 3431 489 3490 praestat
512 3438 576 3473 casa.
598 3438 622 3471 α.
644 3432 678 3472 ut.
700 3423 779 3485 legem
799 3418 901 3467 Iunium
927 3417 1057 3465 Veliueam

103 3496 237 3560 assiquari
251 3510 329 3558 posse
348 3512 422 3559 quam
437 3499 463 3545 iu
479 3493 571 3545 talibus
589 3491 666 3542 aedua
683 3492 757 3540 maiis
778 3489 851 3539 codd.
864 3488 940 3550 fidene
954 3485 1056 3535 hahere.

105 3566 143 3614 De
158 3568 212 3631 lepe
227 3567 369 3616 certissime
383 3566 430 3615 sub
449 3566 550 3615 Tiberia
565 3566 618 3613 iata
633 3563 667 3626 ef.
685 3562 741 3611 Gai.
757 3572 777 3619 t,
792 3571 838 3611 186.
