2362 3938
143 157 185 221 62
480 151 816 209 cumanensem
900 170 904 176 -

143 324 198 365 nos
221 305 334 383 patriae
357 304 560 381 immemores,
583 309 722 360 maneant
745 319 801 360 ceu
824 300 914 361 nulla·
929 313 1077 365 renectos

143 391 263 472 gaudia,
285 390 340 453 sed
361 389 436 451 dirro
460 408 565 450 saeuae
589 387 644 448 sub
668 406 739 466 rege
762 388 911 469 Mycenae,
1111 405 1163 456 ’666

143 481 179 542 ad
203 479 334 540 medium
359 486 534 543 camelorum·
556 480 622 538 iter.
670 478 695 536 si
719 476 828 536 linibus
852 477 920 537 ullis

142 569 195 629 has
219 566 346 628 tolerare
369 584 468 626 moras
491 575 520 626 66
543 567 642 628 inane
663 573 804 645 tempora
819 583 948 646 possem,

143 675 235 736 regna
258 655 345 714 hodie
370 663 400 714 et
423 653 540 715 dulcem
564 655 692 732 sceptris
716 653 863 732 Calydona
885 661 1025 716 tenorem

143 744 241 806 laetus
265 761 356 822 opum
379 745 520 821 pacisque
543 760 640 821 ureae,
664 748 806 819 tutusque
829 759 984 806 manerem

144 835 210 912 quis
234 834 351 911 genitor
374 839 528 908 materque
552 829 635 890 locis.
681 829 751 907 quid
775 829 876 890 deside
900 838 983 891 terra
1115 847 1162 896 666

142 916 322 981 haeremus?
344 937 456 979 uacuos
480 937 535 979 cur
558 917 668 978 lassant
687 935 816 995 aequora
840 916 946 979 uisus?
1024 973 1028 979 .

144 1019 176 1069 tu
200 1009 338 1068 comitem
362 1007 483 1067 Alciden
507 1006 543 1066 ad
566 1005 701 1066 Phasidis
724 1005 850 1084 amplius
873 1025 946 1067 arua

142 1096 257 1174 adfore,
280 1103 312 1155 tu
336 1097 431 1153 socias
455 1094 532 1154 ultra
555 1093 610 1154 tibi
634 1112 700 1154 rere
724 1091 900 1172 pharetras?

143 1201 202 1244 non
227 1201 258 1241 ea
283 1200 339 1260 pax
363 1182 438 1241 odiis
461 1181 591 1242 oblitane
614 1184 738 1243 numine
759 1183 838 1242 fesso

142 1271 214 1330 luno
239 1272 293 1328 sui⁴
340 1288 417 1328 noua
441 1269 582 1329 Tartareo
607 1271 669 1330 lors
692 1272 806 1330 semine
829 1279 962 1331 monstra
1110 1287 1160 1335 666

141 1366 229 1436 atquc
253 1359 363 1417 iterum
386 1356 513 1416 Inachiis
536 1360 595 1417 iam
618 1361 742 1418 nuntius
766 1366 853 1436 urget
875 1358 911 1418 ab
935 1360 1033 1438 Argis.

141 1465 201 1506 non
225 1444 311 1506 datur
334 1445 406 1505 haec
426 1447 528 1524 'nragni
551 1447 651 1525 proles
674 1446 767 1526 louis;
791 1456 820 1506 at
844 1446 897 1506 tihi
920 1447 1026 1508 Pollux

142 1538 235 1613 stirpe
259 1552 345 1612 paros
370 1533 533 1612 Castorque
558 1543 691 1614 manent,
715 1543 745 1594 at
768 1543 868 1594 cetera
891 1535 996 1596 diuum

141 1626 312 1702 progenieS,
336 1642 391 1682 neo
414 1642 506 1701 parua
529 1623 602 1683 mihi
624 1623 732 1682 fiducia
754 1624 860 1701 gentis,

141 1731 178 1771 en
203 1730 256 1789 ego
280 1730 315 1770 eo
340 1730 528 1790 quocumque
552 1712 649 1791 uoles3
673 1729 789 1790 quaqua
813 1713 928 1788 agmina
953 1713 1035 1772 lerro
1105 1726 1158 1775 670

141 1809 227 1877 rupta
250 1808 371 1878 metam3
395 1799 449 1860 tihi
472 1799 550 1861 dieta
573 1818 695 1879 manus,
718 1798 771 1859 tibi
796 1799 940 1878 quidquid
963 1803 996 1861 in
1019 1804 1085 1881 ipso

141 1890 283 1966 sanguino
308 1890 378 1968 erit,
401 1890 518 1966 iamque
541 1888 610 1947 hinc
634 1905 759 1965 operum
783 1905 856 1966 quae
881 1890 1008 1949 maxima
1031 1909 1133 1968 posco.

140 1975 253 2036 scilicet
276 1978 307 2035 in
331 1974 401 2035 solis
424 1978 542 2054 profugi
567 1979 649 2036 stetit
672 1975 809 2035 Herculis
832 1978 922 2036 aruris

139 2073 242 2124 nostra
265 2064 353 2124 salus.
399 2083 505 2143 nempe
530 2082 581 2124 ora
604 2082 697 2142 aeque
722 2063 856 2123 mortalia
880 2067 981 2125 cuncti

140 2171 208 2212 ecce
232 2159 353 2230 gerunt3
377 2151 462 2213 ibrmt
485 2171 580 2230 aequo
604 2171 710 2231 nempe
734 2152 837 2211 ordine
861 2155 945 2212 remi.
1104 2166 1157 2214 ola

137 2240 186 2299 ille
210 2240 259 2300 uel
282 2243 386 2299 insano
410 2241 581 2301 iamdudum
605 2239 743 2300 turbidus
767 2247 851 2301 aestu

138 2328 187 2386 uel
210 2336 295 2406 parta
318 2330 376 2388 iam
399 2329 485 2389 laude
508 2336 627 2388 tumens
651 2330 800 2390 consortia
823 2330 917 2389 lamae

138 2414 265 2493 despicit
288 2434 322 2474 ao
345 2419 440 2476 nostri
464 2417 537 2476 ferri
560 2435 659 2476 comes
683 2416 786 2476 abnuit
809 2419 891 2477 actis.

137 2521 206 2582 uoS,
230 2502 340 2581 quibus
363 2512 394 2563 et
416 2505 515 2564 uirtus
539 2512 569 2564 et
592 2523 661 2582 spes
684 2506 714 2564 iu
738 2505 838 2565 limine
863 2507 969 2587 primo,

137 2589 263 2670 tendite,
287 2591 358 2650 dum
381 2609 483 2651 rerum
506 2594 621 2670 patiens
645 2593 725 2652 calor
749 2601 778 2653 66
802 2593 875 2653 rude
899 2592 1042 2654 membris
1102 2607 1156 2656 686

136 2677 229 2737 robur
252 2679 343 2757 inest3
366 2697 422 2737 uec
446 2681 526 2738 enim
549 2679 645 2740 solum
669 2681 739 2741 dare
763 2682 868 2741 lunera
892 2680 1011 2742 Colchis

137 2768 175 2826 sit
199 2768 269 2826 satis
293 2775 323 2827 66
346 2775 407 2827 6666
430 2766 552 2846 pelagus
575 2767 718 2829 lustrasse
741 2772 872 2830 iuuenta.

136 2873 204 2935 spes
228 2855 300 2915 mihi
324 2874 398 2934 quae
422 2853 473 2916 tali
495 2859 592 2935 potuit
615 2856 787 2936 longissima
810 2876 880 2919 casu

136 2963 201 3005 esse
224 2945 291 3024 luit3
316 2947 511 3023 quiscumque
537 2947 635 3006 uirum
654 2949 829 3025 perquirere
853 2945 937 3006 siluis

135 3036 195 3112 egit
218 3052 313 3114 amor3
336 3033 400 3094 loca
423 3034 592 3095 uociferans
614 3053 674 3094 non
698 3034 757 3095 nlla
780 3035 896 3112 reliqui.
1101 3047 1153 3097 666

135 3140 215 3182 nunc
238 3140 371 3204 quoque,
394 3123 466 3183 dum
489 3126 573 3183 uario
596 3130 681 3184 nutat
703 3125 850 3184 sententia
873 3130 967 3202 motu,

135 3227 258 3270 cernere
283 3210 406 3271 deuexis
429 3211 606 3272 redeuntem
629 3210 780 3271 montibus
803 3220 882 3290 opto.

134 3306 179 3356 sat
201 3298 331 3359 lacrimis
355 3300 516 3377 comitique
540 3299 655 3380 datum,
678 3316 767 3376 quem
790 3298 921 3358 sortibus
945 3302 1011 3359 aeui

134 3383 222 3442 crede
245 3385 294 3444 uel
317 3389 349 3446 in
372 3386 485 3447 mediae
509 3396 627 3465 raptum
650 3385 704 3447 tibi
727 3386 869 3462 sanguine
893 3382 1033 3462 pugnae?

177 3469 298 3531 Talibus
321 3472 451 3534 Oenides
474 3483 574 3552 urget:
597 3475 685 3534 simul
708 3474 798 3533 incita
821 3470 909 3531 dictis
1098 3489 1152 3538 cuo
