2376 3938
106 186 170 250 122
521 181 631 237 LIBER
648 181 695 236 111.
748 209 753 217 ·

105 348 337 413 existimarent.
383 345 508 410 Laevas
541 367 611 410 esse
639 365 830 428 responsum
859 346 922 426 est,
955 342 1043 427 quod
1072 342 1122 406 sol

106 438 204 501 etiam
235 435 342 500 oriens
374 456 412 498 ex
444 435 537 499 laevo
571 434 775 498 dextrorsum
806 432 1001 496 curriculum
1032 453 1122 495 exse-

106 528 237 610 quatur,
266 526 344 588 tunc
369 523 454 607 quod
478 521 651 606 permixtio
675 521 818 586 maribus
843 542 879 584 ac
902 520 1033 584 feminis
1057 521 1123 584 lae-

2 616 11 623 ’
106 636 220 679 varum
243 632 339 698 mage
361 611 504 695 partium
524 610 735 693 existimetur,
759 613 791 672 et
809 609 1005 673 laetaturam
1029 607 1123 672 femi-

71 724 182 767 snam
205 702 289 767 laevi
313 700 421 765 uberis
439 699 580 782 primum
605 697 762 762 alimenta
781 701 956 781 praestare,
980 697 1123 781 deosque

107 790 208 855 laevis
226 789 371 854 humeris
390 787 548 873 religione
567 787 698 871 gestari,
721 789 755 850 et
776 807 870 870 reges
893 787 983 869 ipsos
1002 784 1124 850 indicia

107 879 277 964 dignitatis
297 876 460 960 praeferre
479 876 597 939 laeuas.
626 873 770 958 Cumque
788 878 864 957 post
882 874 962 939 haec
983 877 1024 957 et,
1045 874 1123 958 quid

107 967 170 1059 sibi
197 989 216 1030 a
241 985 317 1050 rege
340 965 474 1047 vellent,
497 963 653 1047 largitum
680 963 720 1026 iri
743 963 962 1046 polliceretur,
990 964 1121 1027 immor·

107 1055 272 1119 talitatem
296 1053 430 1118 consoni
452 1073 637 1136 poposcere.
675 1049 738 1115 Sed
760 1051 793 1115 id
817 1073 890 1116 cum
914 1073 970 1116 rex
994 1054 1124 1135 praeter

64 1165 94 1205 ro
107 1145 304 1226 potestatem
329 1162 419 1204 suam
439 1162 509 1204 esse
529 1139 673 1217 dixisset,
697 1139 766 1204 ‘cur
789 1139 889 1223 erge,'
914 1140 1013 1217 aiunt,
1037 1138 1124 1204 ‘cum
1159 1154 1168 1164 “

109 1231 154 1293 sis
178 1228 335 1312 mortalis,
357 1231 410 1294 tot
432 1233 544 1293 tamen
567 1226 735 1293 laboribus
760 1229 862 1293 servis
885 1232 918 1292 et
941 1229 1043 1292 tantis
1067 1228 1123 1292 ad·
1166 1299 1168 1302 y

107 1319 262 1402 petentiis
284 1317 437 1401 vinceris,
460 1338 597 1400 quarum
619 1316 681 1380 tibi
703 1316 829 1380 fructus
854 1319 910 1381 sut
932 1316 1041 1380 nullus
1066 1319 1124 1379 aut

108 1406 216 1470 brevis
241 1408 298 1488 est,
322 1405 484 1470 enimvero
508 1405 591 1469 idem
615 1427 690 1469 mox
714 1405 755 1469 ad
779 1406 862 1470 alios
885 1405 1084 1469 transiturus
1093 1402 1123 1467 ?'

136 1536 143 1545 ι
200 1493 258 1560 13.
296 1492 379 1558 Tum
403 1493 584 1558 Alexander
613 1491 706 1558 ‘Non
728 1493 808 1558 baec
832 1516 909 1559 sane
932 1491 1052 1576 nobis,'
1076 1493 1123 1556 in·
1139 1501 1183 1553 21.

69 1605 96 1646 ro
111 1582 190 1668 quit,
215 1583 260 1647 ‘in
280 1604 378 1647 manu
401 1586 485 1661 sunt,
509 1583 594 1647 enim
613 1582 745 1647 deorum
764 1582 901 1647 vivimus
920 1583 1000 1668 lege,
1024 1602 1122 1664 quam

108 1672 257 1737 homines
288 1672 419 1755 exsequi
451 1673 495 1736 sit
525 1692 664 1736 necesse.
717 1668 831 1754 Neque
861 1670 947 1735 enim
977 1669 1027 1733 illi
1057 1669 1124 1733 uisi

108 1761 259 1845 navigari
289 1761 393 1824 maria
421 1759 587 1842 sivissent,
617 1759 707 1825 venti
736 1781 862 1843 quoque
890 1758 1122 1842 navigantibus

108 1852 353 1933 prosperarent,
381 1853 438 1913 aut
464 1849 587 1914 virecta
616 1848 715 1912 etiam
739 1850 960 1927 moverentur,
987 1847 1052 1910 nisi
1080 1847 1123 1910 ob

109 1938 171 2002 hoc
199 1938 279 2003 ortis
307 1937 419 2002 flabris
448 1937 691 2020 impellentibus
720 1936 877 2001 cederent.
924 1933 1023 2019 Gigni
1051 1935 1123 2018 quis

68 2049 96 2090 ao
109 2030 208 2111 neget
226 2029 342 2091 cuncta
359 2026 494 2109 ratione,
517 2046 586 2090 esse
604 2025 733 2106 ratione,
752 2047 815 2108 qua
833 2027 911 2088 nata
930 2027 1014 2107 sunt,
1033 2044 1123 2088 mox-

111 2137 171 2196 que
195 2115 339 2178 occidere
362 2114 557 2196 interireque
580 2112 729 2178 ratione?
775 2111 869 2177 Nihil
893 2111 1030 2196 denique
1055 2133 1123 2176 om-

109 2202 187 2265 nino
211 2202 334 2266 frustra
357 2201 510 2284 reperies,
539 2202 617 2284 quin
641 2201 767 2265 cunctis
792 2201 917 2265 actibus
942 2202 991 2265 sui
1014 2203 1122 2264 motus

111 2291 144 2352 et
166 2309 265 2352 causa
288 2290 340 2354 sit.
385 2288 433 2353 Ut
456 2288 538 2353 mihi
562 2310 688 2372 quoque
716 2309 781 2352 non
808 2290 919 2373 utique
946 2288 1030 2352 ratio
1058 2289 1123 2352 ista

109 2375 253 2440 bellandi
277 2377 321 2440 sit
339 2377 458 2460 suaviS,
481 2376 709 2460 sedquoniam
734 2376 877 2440 animum
896 2398 1004 2440 meum
1028 2376 1124 2440 ardor

71 2486 100 2527 ιι
113 2463 299 2527 istiusmodi
317 2465 495 2529 voluntatis
514 2465 692 2548 incesserit,
710 2464 828 2530 decedo
848 2487 885 2530 ac
905 2465 1122 2530 ministerium

110 2573 218 2616 meum
241 2554 330 2635 puto,
355 2551 509 2636 quidquid
533 2553 571 2617 de
593 2552 656 2618 hoc
679 2553 789 2617 labore
808 2554 984 2636 profecero.
1023 2553 1123 2617 Deni-
1141 2563 1185 2614 22.

111 2661 172 2723 que
200 2639 365 2704 facessant
390 2641 455 2704 ista
484 2640 522 2704 de
552 2641 674 2706 medio:
707 2663 789 2724 quae
819 2642 884 2706 iam
914 2645 1009 2707 erunt
1038 2643 1124 2705 inter

109 2727 258 2792 homines
291 2727 477 2793 discrimina
508 2729 739 2794 fortunarum?
777 2751 859 2813 quae
896 2731 1006 2815 dispar
1038 2729 1124 2794 ratio

200 2900 324 2956 retiam
342 2919 392 2956 om.
412 2902 486 2957 Ρ.Β.
569 2902 755 2972 apromixtio
774 2904 810 2958 A.
893 2905 1067 2958 tlactorum
1086 2904 1124 2959 A.

109 2973 248 3028 laetarum
263 2988 332 3028 corr.
347 2972 531 3028 coelectorum
541 2973 577 3028 B.
636 2980 650 3029 7
671 2973 813 3042 praeferre
828 2973 923 3029 laevas
933 2974 1008 3029 Ρ.Β.
1027 2973 1124 3026 laevas

111 3043 251 3113 praeferre
261 3044 296 3097 A.
316 3043 398 3099 laeva
408 3045 465 3098 Mr.
502 3043 671 3113 Slargitum
685 3044 720 3098 iri
728 3044 761 3099 P.
780 3044 898 3114 largiter
907 3045 941 3099 A.
980 3049 1012 3095 11
1032 3043 1077 3095 tot
1088 3041 1123 3097 P.
1174 3072 1176 3077 ·

110 3123 143 3170 tu
161 3114 197 3169 A.
270 3119 303 3168 12
322 3112 437 3169 vinciris
455 3115 488 3170 P.

203 3185 250 3240 13.
276 3191 309 3240 18
328 3187 508 3241 moverentur
521 3185 578 3240 Mr.
597 3202 611 3239 e
629 3184 724 3239 Graec.
761 3188 935 3240 morerentur
949 3184 983 3237 A.
1020 3181 1124 3236 oriren-

111 3256 158 3309 tur
176 3256 208 3310 P.
243 3255 279 3310 0b
298 3256 352 3311 hcc
370 3258 440 3311 ortis
459 3256 535 3311 Ρ.Β.
565 3255 671 3310 obortis
689 3255 725 3308 A.
799 3261 912 3310 ncesse
935 3253 1044 3308 ratione
1068 3270 1124 3320 qua

111 3326 179 3380 nata
197 3326 254 3382 Mr.
283 3343 344 3382 esse
367 3344 423 3396 qua
443 3329 512 3381 nata
530 3326 605 3381 AP.
634 3341 695 3380 esse
714 3327 821 3392 quanta
838 3325 874 3378 B.
947 3331 980 3380 22
999 3326 1123 3394 reperias

34 3460 37 3465 Ι
114 3396 189 3449 Ρ.Β.
215 3396 262 3464 qui
281 3396 316 3450 B.
340 3398 449 3453 actibus
467 3398 500 3453 P.
524 3395 595 3452 actis
614 3396 650 3451 Β.
674 3397 772 3450 auctu·
791 3395 826 3448 A.
892 3401 926 3449 23
945 3411 1029 3450 eausa
1048 3396 1122 3450 Ρ.Β.

113 3465 208 3518 clausa
222 3465 257 3520 A.
277 3467 374 3535 utique
392 3470 465 3524 ratio
473 3470 507 3523 A.
528 3466 570 3522 uti
588 3467 661 3523 ratio
679 3464 723 3521 uti
740 3464 813 3522 ratio
823 3466 856 3520 P.
893 3473 928 3520 24
947 3467 1079 3536 quoniam
1086 3466 1124 3522 A.

110 3533 187 3601 quod
206 3536 238 3589 P.
246 3536 280 3590 B.
354 3544 388 3592 25
407 3540 513 3595 decedo
531 3537 567 3593 A.
591 3538 626 3593 de
645 3538 706 3593 celo
724 3537 759 3592 P.
832 3543 866 3593 26
884 3537 938 3594 hoe
956 3556 1007 3594 om.
1026 3537 1061 3593 Β.
