2362 3938
111 200 154 265 24
543 199 654 255 LIBER
671 200 692 256 Ι.

111 361 211 428 rivio'
226 366 259 426 et
277 384 429 428 unacum
445 362 539 428 dictis
555 363 725 428 adversum
740 363 926 447 Philippum
943 361 1126 429 discumbit.

112 448 175 515 Sed
194 472 251 515 rex
271 454 440 534 asperatus
461 451 501 515 ad
521 450 643 516 dictum
661 451 748 515 intus
770 452 803 515 in
825 452 933 516 auimo
954 452 1127 516 saeviebat.

112 538 237 604 Aderat
254 543 332 604 tunc
351 540 437 603 inter
456 540 576 604 multas
595 539 785 623 regalesque
805 539 936 605 delicias
955 539 1074 623 Lysias
1101 545 1166 599 XXI.

113 629 244 712 quidam
265 628 347 695 risui
365 627 536 692 excitando
556 648 654 710 quam
674 626 902 708 facetissimus,
926 628 981 711 qui
1001 650 1074 693 cum
1094 629 1128 691 in
1145 629 1167 679 5·

87 718 222 802 agretia
236 717 323 802 regis
343 714 531 780 admordere
546 715 824 780 adolescentulum
839 717 945 799 vellet,
964 715 1128 799 ‘Potiara’

112 806 234 890 inquit,
257 804 292 870 ‘o
315 826 386 889 rex,
410 801 617 886 Cleopatrae,
639 803 780 888 potiare,
808 826 825 868 e
854 827 917 888 qua
945 804 1007 868 tibi
1032 827 1128 889 spero

112 895 258 977 privatos
275 893 362 958 filios
383 894 478 976 atquo
491 892 780 958 incommunicatos
800 892 895 957 alteri
910 896 1127 977 proventuros

114 1003 248 1066 eosque,
271 982 324 1064 qui
343 980 487 1046 vultibus
507 980 573 1044 tuis
594 984 627 1045 et
644 980 732 1045 felici
750 982 967 1064 respondeant
991 980 1127 1046 semini?

113 1069 203 1136 Haec
226 1069 284 1134 ubi
308 1068 393 1133 dicta
416 1073 502 1152 sunt,
524 1068 692 1133 inritatior
713 1070 841 1134 iuvenis
864 1071 1014 1152 protinus
1033 1093 1128 1153 pocu-

73 1179 99 1219 ιο
113 1159 194 1240 lum,
220 1156 304 1240 quod
329 1157 391 1221 sibi
414 1179 493 1240 prae
518 1180 617 1222 manu
640 1163 724 1241 erat,
753 1159 789 1221 in
811 1157 944 1241 Lysiam
968 1159 1128 1223 iaculatur

113 1266 249 1329 eumque
268 1245 426 1312 vulnerat.
469 1244 532 1309 Sed
555 1267 611 1310 rex
630 1246 858 1311 effervescente
882 1247 945 1310 iam
969 1248 1038 1310 irae
1056 1269 1128 1330 pro-

111 1333 253 1400 fessione
285 1334 459 1417 prosiliens
494 1335 529 1398 in
561 1334 782 1398 Alexandrum
815 1335 937 1400 labitur
973 1357 1127 1419 crureque

112 1424 200 1487 laeso
225 1426 258 1487 et
280 1424 452 1489 vulnerato
475 1423 669 1505 procumbit.
706 1422 788 1487 Tum
807 1446 923 1508 parum
942 1427 1128 1506 temperans

112 1512 183 1577 voci
201 1510 342 1576 iuvenis:
366 1510 450 1593 ‘En'
470 1511 584 1596 inquit,
603 1510 672 1575 ‘ille
692 1513 746 1597 qui
765 1510 877 1577 Asiam
897 1511 1128 1597 Europamque

72 1621 99 1662 rs
114 1601 262 1683 subiecit,
279 1601 375 1665 unius
394 1600 506 1665 lectuli
525 1599 667 1684 spatium
687 1599 757 1665 sine
776 1602 919 1684 periculo
937 1623 1004 1665 non
1024 1623 1129 1665 emen-

114 1711 169 1754 sus
195 1687 269 1754 estl'
310 1688 356 1754 Et
379 1711 452 1754 cum
475 1690 561 1755 dicto
585 1689 673 1773 rapit
697 1690 842 1773 gladium
866 1712 1050 1773 omnesque,
1074 1691 1129 1773 qui

113 1777 198 1842 forte
222 1800 291 1842 sere
316 1779 417 1844 veluti
442 1778 482 1844 ad
507 1779 840 1862 comprehendendum
864 1779 1042 1863 inruerant,
1066 1779 1128 1842 dis-

113 1866 179 1950 icit,
202 1889 335 1950 prorsus
362 1872 398 1932 ut
421 1867 561 1933 nihilum
586 1867 625 1932 de
650 1865 882 1934 Centaurorum
902 1867 1128 1952 Lapitharum-

114 1978 176 2039 que
196 1957 344 2022 convivio
360 1956 551 2040 demutaret,
570 1959 626 2020 aut
640 1955 726 2040 quod
745 1957 794 2020 illi
813 1958 859 2020 rei
875 1957 920 2020 sit
934 1957 1129 2040 proximum,

73 2063 99 2102 20
113 2065 228 2126 procos
254 2045 375 2109 diceres
400 2067 473 2109 cum
497 2045 602 2108 ultore
626 2042 721 2109 Ulixe
745 2044 925 2108 decernere.
965 2043 1128 2126 Egressus

113 2132 215 2214 igitur
239 2132 386 2197 concedit
409 2133 449 2195 ad
473 2136 619 2195 matrem.

204 2215 260 2282 14.
291 2218 390 2282 Enim
414 2219 469 2302 qui
493 2218 629 2282 aderant
651 2217 837 2301 Philippum
860 2238 925 2280 non
950 2218 1072 2300 absque
1101 2224 1179 2280 XXII

113 2304 297 2368 discrimine
338 2307 544 2370 vulneratum
587 2305 734 2370 cubiculo
777 2304 936 2368 invehunt
978 2305 1127 2388 lectoque
1148 2312 1174 2362 6.

112 2392 287 2476 deponunt.
338 2391 400 2458 Sed
430 2394 459 2457 is
489 2414 563 2457 eum
590 2397 667 2476 post
696 2391 931 2474 complusculos
963 2392 1029 2457 dies
1060 2393 1128 2459 iam

72 2500 98 2541 25
111 2480 350 2565 bonam‹.aspem
379 2481 540 2546 curationi
566 2480 786 2564 promitteret,
813 2481 995 2568 ingreditur
1023 2485 1129 2549 amica

113 2568 330 2634 sollicitudine
381 2573 460 2634 tunc
506 2569 691 2634 Alexander
742 2570 954 2656 adsidensque
1007 2573 1128 2638 lectulo

112 2655 274 2740 ‘Quaesa'
297 2657 411 2741 inquit,
435 2656 466 2722 ‘0
486 2656 646 2743 Philippe,
664 2694 709 2705 -
729 2659 833 2724 adhuc
857 2663 944 2725 enim
964 2665 997 2725 te
1014 2661 1077 2727 hoc
1097 2666 1129 2726 et

203 2855 217 2902 1
233 2849 417 2905 adversumn.
436 2849 659 2906 adversimAP.
690 2850 887 2906 discumbitA.
907 2852 1085 2908 decumbitr.
1093 2855 1126 2906 P.

112 2925 128 2973 2
151 2922 303 2988 asperatus
330 2919 398 2974 Μ).
436 2919 597 2989 asperacius
625 2921 675 2988 A„
707 2924 781 2991 qaod
807 2925 930 2991 defendit
959 2924 1053 2991 Geyer.
1091 2924 1128 2974 ad

113 2989 220 3044 dictum
238 2997 266 3044 Τ.
299 2990 335 3043 ad
354 2990 430 3044 dicta
448 2990 483 3044 A.
516 2992 548 3046 in
565 2994 691 3061 marytres
709 2993 755 3046 vel
774 2993 912 3048 addictus.
946 2992 1073 3046 addictus
1093 2993 1126 3044 P.

113 3062 242 3131 tgratia
260 3063 330 3117 aP.
357 3061 480 3130 gratiam
498 3063 534 3114 A.
582 3061 744 3132 'iprivatos
762 3066 830 3118 M:
861 3065 957 3133 privos
978 3063 1011 3116 P.
1056 3063 1126 3115 9ir·

113 3133 231 3188 ratatior
250 3132 285 3188 P.
322 3133 438 3202 proculo
457 3139 483 3185 Τ.
593 3139 625 3188 10
644 3133 752 3188 Lisiam
771 3133 878 3188 iaculat
896 3151 929 3187 ac
947 3133 1077 3187 vulnerat
1095 3134 1126 3186 P.

115 3210 147 3257 11
167 3203 225 3258 iam
246 3221 295 3259 om.
315 3204 389 3258 A.P.
459 3209 492 3259 17
511 3203 583 3259 forte
604 3219 665 3259 sese
684 3206 820 3261 venerant
837 3203 925 3259 veluti
946 3203 1127 3270 comprehen-

113 3274 235 3329 dendum
260 3275 401 3330 irruerant
426 3275 459 3329 P.
504 3274 613 3329 dissicit
638 3276 713 3331 A.P.
758 3275 899 3329 dissecat?
946 3269 1128 3342 (ἡμισφαγεῖς

112 3338 227 3413 ἐποίησε
247 3346 365 3413 (ἕνεκα).
439 3351 472 3399 18
491 3345 730 3415 Lapitharumque
749 3345 784 3400 A.

201 3416 250 3471 14.
272 3423 308 3470 23
327 3415 465 3472 invehunt
486 3418 518 3472 Τ.
554 3415 725 3472 inducebant
743 3417 779 3471 A.
817 3413 975 3470 cubiculum
994 3413 1129 3469 videbant

110 3483 287 3610 pudepantt)
309 3487 343 3541 P.
418 3494 452 3543 26
471 3490 531 3542 tum
553 3490 586 3543 P.
614 3505 663 3544 om.
683 3495 711 3541 Τ.
745 3487 910 3556 asidensque
931 3487 965 3540 P.
1038 3491 1071 3540 27
1092 3487 1128 3539 ad

132 3571 165 3609 oc
213 3597 219 3612 .
