2362 3938
421 205 539 262 horus
558 206 781 262 ALEXANDRL
1054 208 1096 272 79

82 370 186 435 donas
206 367 416 451 infestaretis,
435 368 468 432 id
487 368 586 434 animi
604 368 802 452 prodidistis,
821 369 908 453 quod
926 369 1096 436 adversum

78 481 140 524 nos
160 461 240 522 tunc
260 456 358 521 etiam
377 457 583 541 habuissetis,
606 477 679 522 eum
697 458 790 541 patre
810 478 882 522 meo
901 456 1095 542 Zacynthios

79 549 293 632 oppugnante
314 545 525 611 auxiliatores
540 545 686 610 diversae
701 545 788 628 parti
803 545 940 613 fueritis.
973 545 1096 612 Contra

80 640 191 700 autem
215 655 286 698 cum
312 655 370 700 vos
394 657 414 699 a
437 631 617 699 Corinthiis
641 635 924 719 oppugnaremini,
948 633 1094 700 Macedo·

77 746 159 789 num
184 722 315 787 auxiliis
339 725 372 787 et
395 744 506 788 eorum
530 721 706 806 subfragiis
729 722 827 806 potiti
850 721 1120 789 Corinthiorumr

78 814 147 879 vim
178 834 197 876 a
227 811 320 876 vobis
353 812 518 895 repulsam
551 831 621 875 esse
651 810 855 879 meministis.
906 811 1095 896 Rursusque

78 901 175 966 nobis
195 899 360 964 Minervae
383 900 591 965 simulacrum
613 899 680 964 ritu
702 903 811 966 vestro
835 900 1036 986 erigentibus
1060 900 1095 966 in

78 989 273 1054 Macedonia
302 1009 360 1052 vos
390 988 562 1053 simulacra
590 992 623 1053 et
649 988 808 1072 imagines
841 990 944 1073 patris
977 990 1041 1054 mei
1076 1011 1094 1054 e

79 1078 213 1161 templis
246 1098 283 1141 ac
316 1077 417 1140 sacris
452 1077 570 1141 vestris
604 1076 810 1160 deponendas
846 1099 917 1143 esse
950 1078 1095 1144 duxistis.

78 1166 262 1252 Egregiam
288 1165 390 1250 igitur
417 1166 521 1229 vicem
548 1186 607 1249 pro
638 1168 689 1230 tot
718 1169 750 1230 et
780 1166 901 1232 talibus
931 1166 1094 1233 beneficiis
1109 1184 1135 1224 10

79 1277 98 1318 a
122 1255 217 1319 vobis
241 1254 432 1338 accepimus.

173 1341 230 1406 17.
263 1341 352 1418 Quae
375 1341 522 1426 profecto
541 1363 599 1407 vos
623 1341 723 1406 etiam
746 1343 788 1407 ad
806 1347 1010 1426 praesentem
1033 1344 1095 1409 dis·
1112 1349 1159 1403 23.

80 1431 224 1496 cordiam
248 1432 405 1494 memoria
428 1430 609 1514 iniquitatis
633 1435 761 1495 vestrae
785 1431 936 1514 ducebat,
962 1454 1028 1497 non
1053 1433 1096 1497 si-

79 1542 159 1585 nens
185 1519 296 1602 utique
321 1519 429 1583 animo
449 1522 561 1583 nostro
579 1518 840 1604 benignitatique
860 1520 1028 1602 confidere,
1053 1521 1094 1584 ob
1153 1585 1155 1588 ,

79 1610 112 1672 id
136 1608 190 1671 vel
213 1607 366 1689 maxime,
389 1629 429 1671 ne
454 1607 581 1691 quando
605 1609 775 1672 maiestate
799 1608 860 1673 hac
882 1608 972 1692 regia
996 1607 1094 1672 subli·
1108 1624 1135 1667 15

79 1701 188 1760 matus
219 1696 259 1759 ad
289 1695 449 1760 ultionem
476 1696 671 1779 praeteritae
699 1697 836 1760 iniuriae
864 1697 967 1778 magis
996 1717 1094 1778 quam

79 1785 121 1849 ad
145 1783 306 1848 adfectum
330 1785 464 1849 civicum
488 1805 626 1868 raperer.
672 1784 795 1849 Verum
821 1785 854 1848 id
881 1805 986 1867 neque
1013 1784 1095 1848 mihi

79 1875 121 1938 ad
148 1869 302 1936 natuiam
332 1876 382 1936 est
410 1894 513 1955 neque
543 1873 643 1938 civica
671 1873 787 1955 religio
816 1872 990 1955 permittit,
1021 1894 1094 1936 cum

79 1984 130 2026 me
161 1982 288 2045 quoque
317 1961 401 2045 apud
424 1983 482 2026 vos
506 1961 687 2025 studentem
716 1964 748 2025 et
775 1960 838 2043 ipsi
861 1959 1095 2024 Atheniensem

80 2072 152 2114 esse
184 2049 381 2134 malueritis,
411 2053 443 2114 et
473 2071 534 2135 ego
564 2049 694 2113 nomine
724 2049 787 2114 hoc
816 2048 1011 2134 participato
1041 2069 1093 2112 me
1107 2066 1134 2104 20

81 2139 202 2223 glorier
235 2138 458 2222 gloriatusque
496 2139 566 2204 sim.
623 2137 721 2202 Enim
757 2138 907 2222 intelligo
945 2137 1094 2202 naturale

80 2228 176 2291 vobis
200 2247 270 2290 esse
295 2226 340 2290 sic
364 2248 485 2309 sapere,
509 2248 582 2291 cum
600 2227 777 2312 praeterita
796 2247 923 2311 quoque
947 2227 1094 2310 exempla

80 2316 113 2378 in
139 2337 204 2398 eos,
231 2336 368 2398 quorum
392 2314 537 2380 consiliis
560 2315 744 2399 uteremini,
767 2315 880 2380 hostili
903 2337 961 2380 vos
986 2315 1094 2380 animo

80 2405 180 2467 fuisse
204 2407 375 2469 testentur.
416 2401 470 2468 Sic
493 2403 661 2467 Euclidem
683 2404 906 2488 praedicatum
929 2405 1013 2488 apud
1037 2426 1095 2469 vos

82 2493 270 2556 sinceritate
301 2491 455 2556 suadendi
484 2493 628 2556 clausum
657 2514 783 2557 carcere
811 2493 993 2558 necavistis.
1040 2490 1094 2558 Sic
1108 2510 1134 2551 2⁵

81 2580 336 2646 Demosthenem
350 2602 459 2664 porro,
477 2580 568 2645 cuius
586 2581 664 2645 urbs
680 2578 953 2647 vestra'oratione
972 2580 1095 2664 pariter

82 2672 184 2734 staret
203 2673 236 2733 et
255 2691 341 2752 cura,
359 2669 395 2733 in
414 2668 545 2733 exilium
564 2669 757 2752 proiecistis.
792 2669 876 2735 Tum
892 2668 1094 2735 Alcibiadem

170 2936 185 2985 2
205 2929 376 2985 habuissetis
395 2931 472 2985 codd.
493 2930 635 2994 ⁴habuistis
653 2933 755 2986 Ebert.
793 2937 809 2984 3
829 2933 1039 3001 oppugnantem
1057 2931 1093 2984 A.

80 3004 153 3070 parti
177 3008 219 3069 2.,
244 3007 392 3056 correctam
415 3016 448 3056 ecc
471 3003 550 3069 parte
572 3003 608 3056 A.
636 3002 726 3071 partis
750 3002 784 3056 P.
856 3008 873 3055 4
896 3017 960 3054 cum
984 3016 1034 3054 om.
1058 3003 1094 3054 A.

81 3081 95 3125 5
115 3090 212 3128 eorum
220 3079 249 3124 ¹1¹.
270 3072 406 3127 om.A.P.
448 3078 464 3126 6
483 3089 646 3140 rursumque
655 3079 684 3130 2.
726 3077 742 3126 7
760 3073 854 3126 vestro
865 3078 892 3126 2.
911 3070 1006 3124 nostro
1016 3070 1051 3125 A.
1059 3071 1094 3123 P.

81 3150 96 3196 9
115 3162 147 3198 ac
168 3160 218 3198 orn.
238 3143 270 3196 P.
309 3141 429 3197 duxistis
448 3144 516 3200 r.P.
546 3143 656 3198 dixistis
674 3144 711 3196 A.

170 3214 218 3269 17.
253 3219 285 3266 12
310 3212 499 3283 praesentiam
523 3215 559 3268 A.
635 3218 667 3267 14
689 3213 785 3266 nostro
809 3227 859 3266 om.
885 3211 919 3264 P.
947 3210 1041 3263 vestro
1065 3214 1093 3262 2.

83 3289 113 3338 15
132 3285 178 3340 vel
191 3290 278 3340 omffl.
318 3289 351 3338 17
371 3285 541 3353 raperentP.
580 3289 612 3339 18
633 3284 668 3338 ad
677 3286 840 3337 naturamr.
849 3283 882 3336 P.
903 3280 1049 3334 adnatura
1058 3280 1093 3334 A.

81 3355 219 3423 permittit
244 3361 291 3411 etc.
318 3361 346 3410 1¹.
383 3355 523 3424 permitt't
551 3371 661 3423 quoque
689 3355 764 3424 apud
791 3370 841 3408 vos
870 3350 1029 3406 studentem
1056 3351 1093 3403 A.

81 3425 227 3493 permittit,
247 3443 311 3480 cum
331 3442 442 3495 quoque
456 3426 532 3496 apud
549 3441 600 3480 nos
620 3425 758 3492 studente,
777 3439 847 3479 corr.
863 3425 895 3478 io
909 3422 1049 3477 studerem
1059 3421 1093 3476 P.

84 3502 114 3549 12
133 3496 189 3566 ipsi
207 3499 243 3552 A.
276 3497 335 3565 ipse
356 3498 390 3551 P.
464 3503 497 3550 22
518 3497 646 3566 exemplo
665 3497 700 3551 A.
775 3502 809 3550 23
827 3494 953 3564 hostiles,
972 3507 1042 3550 corr.
1061 3508 1094 3548 ex

83 3565 192 3621 hostilis
211 3569 244 3623 P.
318 3574 353 3621 24
371 3566 535 3637 praedicatu
553 3569 589 3621 A.
662 3572 697 3622 25
716 3582 856 3623 carcerem
874 3567 911 3621 A.
