2376 3938
380 199 511 256 OBITUS
529 200 750 256 ALEXANDRI.
1007 205 1072 270 125

56 364 167 428 culum
199 366 429 445 properarent,
462 362 581 426 Philon
616 363 738 428 scilieet
772 369 806 430 et
836 365 1072 452 Hephaestion,

58 452 213 517 Craterus
233 472 362 535 quoque
380 452 538 535 multique
558 450 623 532 alii,
646 452 775 516 obstitit
793 453 912 519 Philon
934 478 971 520 ae
989 457 1072 539 peri-

57 542 168 606 eulum
198 539 278 603 illud
309 539 461 605 visendae
490 538 648 604 novitatis
678 560 746 605 non
775 541 915 624 primum
946 566 965 608 a
994 565 1071 629 rege

57 628 252 711 faciendum,
270 648 382 692 verum
403 650 422 692 a
441 649 475 693 se
489 627 584 693 modo
600 628 731 712 suisque
748 629 920 715 similibus,
938 632 1072 698 suadere

56 717 213 801 persistit.
268 715 395 800 Quippe
425 716 564 799 amplius
595 716 719 801 aliquid
748 717 783 782 in
812 718 902 783 hisee
930 721 1105 804 regioni-a

57 808 119 870 bus
143 803 395 882 formidandum,
418 805 452 868 in
476 805 592 888 quibus
616 805 790 871 viderimus
814 807 983 872 hominum
1007 809 1071 874 for-

57 917 130 958 mas
154 893 192 957 de
216 895 390 976 conspeetu
408 896 520 958 nostro
539 893 634 959 faeile
657 895 835 980 evanuisse,
856 917 921 960 neu
944 897 973 960 si
996 897 1072 980 quid

60 1004 154 1047 senus
179 984 276 1065 atque
303 984 341 1045 ut
368 985 577 1064 speraverant
597 982 868 1066 incommodaret,
896 985 966 1048 eius
989 986 1072 1068 peri·

55 1071 133 1136 auli<
152 1070 247 1134 fieret
276 1069 316 1133 de
345 1090 421 1154 rege
451 1070 655 1153 principium.
708 1068 785 1136 Sese
817 1073 918 1157 igitur
949 1073 1072 1139 iturum

56 1181 129 1224 esse
153 1157 325 1223 confirmat
347 1180 393 1241 ae,
417 1158 446 1222 si
470 1158 649 1243 exploratio
673 1161 891 1240 seeundasset,
913 1163 1006 1227 tune¹
1016 1162 1069 1228 de·
1083 1181 1110 1221 10

56 1270 147 1311 mum
170 1268 230 1312 nos
253 1249 324 1310 tuto
347 1268 443 1329 posse
466 1247 696 1313 transmittere.

149 1333 206 1401 16.
231 1333 328 1399 Sedet
350 1336 511 1399 sententia
529 1337 762 1421 persuadentia,
786 1341 882 1422 atque
905 1339 952 1403 ita
974 1340 1067 1405 iussi·
1085 1347 1135 1399 26.

56 1446 130 1488 mus
159 1423 238 1489 fieri.
285 1420 477 1487 Conscensis
506 1444 583 1507 ergo
611 1425 749 1489 navibus
776 1425 927 1509 protinus
955 1427 1002 1492 ire
1030 1428 1071 1492 ad

56 1513 199 1576 insulam
218 1511 364 1594 tendunt,
388 1533 470 1595 quae
489 1512 635 1596 quamvis
654 1517 788 1596 propter
813 1514 945 1579 obviare
968 1516 1070 1579 oeulis

54 1600 231 1684 videretur,
254 1599 294 1663 ad
318 1600 464 1683 integrae
482 1600 581 1664 horae
601 1604 712 1664 tamen
736 1602 877 1684 spatium
893 1621 1111 1686 eonsump-1a

56 1693 170 1754 serant
201 1687 395 1773 navigando.
408 1750 422 1768 ,
440 1687 584 1753 Tandem
616 1692 692 1752 sunt
723 1689 786 1753 visi
818 1689 944 1754 insulae
977 1690 1071 1755 insti·

55 1777 148 1841 tisse.
198 1774 261 1839 Sed
287 1776 345 1840 ubi
373 1779 500 1861 gestum
528 1778 590 1860 est,
620 1797 714 1840 omno
742 1777 776 1840 id
805 1778 910 1842 solnm
938 1783 1070 1862 repente

55 1886 123 1929 una
145 1886 220 1929 oum
242 1864 321 1930 viris
346 1869 379 1928 et
402 1863 583 1948 sepulchro,
606 1863 691 1949 quod
718 1865 897 1949 visebatur,
926 1867 1071 1931 submer-

56 1954 124 2018 sari
155 1951 237 2016 mari
265 1956 298 2016 et
328 1952 362 2016 in
388 1951 549 2035 profundo
578 1952 645 2017 labi
673 1953 907 2037 conspicamur.
957 1953 1070 2038 Neque

56 2042 147 2105 enim
177 2063 260 2106 vana
290 2040 429 2104 formido
459 2040 594 2105 ludebat
631 2041 740 2106 oeulos
770 2042 1111 2129 intremiscentium,ao

56 2131 221 2194 enimvero
250 2129 308 2193 illa
336 2129 482 2193 Philonis
510 2151 597 2194 mors
630 2131 663 2194 et
695 2130 828 2194 exitium
856 2145 985 2214 eorum,
1016 2133 1072 2214 qui

56 2240 122 2282 una
148 2216 320 2282 Philonem
352 2217 500 2281 comitati
533 2221 622 2300 sunt,
654 2217 770 2285 tuerat.
820 2218 939 2284 Territi
970 2218 1071 2304 igitur

55 2305 243 2370 detestabili
271 2307 376 2370 morte
406 2305 567 2370 sociorum
594 2304 765 2390 indigenas
792 2307 949 2372 barbaros
976 2309 1071 2372 rima-

56 2394 183 2477 bamur,
206 2393 234 2456 si
253 2392 443 2476 quidnobis
462 2393 501 2457 de
524 2393 639 2458 itinere
663 2396 893 2461 consultarent.
928 2395 976 2460 Aa
993 2418 1069 2461 vero

56 2483 166 2547 nullus
189 2481 318 2564 uspiam
336 2482 460 2562 visitur,
482 2482 626 2564 locisque
651 2483 786 2550 desertis
810 2489 842 2548 et
865 2484 1069 2569 inhospitali·
1083 2504 1110 2546 aa

57 2570 119 2634 bus
142 2591 201 2652 per
225 2573 298 2633 oete
321 2570 473 2653 posthinc
495 2570 661 2635 immorati
688 2572 756 2636 dies
785 2573 910 2656 egimus
934 2574 1070 2638 oonsilio

57 2658 291 2724 confirmando,
337 2659 419 2723 Tum
447 2658 481 2721 in
508 2657 567 2723 illo
590 2661 827 2745 promuntori0,
855 2662 946 2725 ouius
972 2683 1071 2744 supra
1087 2671 1135 2722 27.

56 2746 146 2811 faeta
169 2750 219 2810 est
242 2746 375 2830 mentio,
397 2746 537 2810 bestiam
560 2768 688 2839 quoqne
711 2748 850 2814 vidimus
873 2749 1071 2834 praegrandi

151 2994 373 3059 lproperarunt
394 2990 426 3043 P.
455 2990 522 3045 filon
541 2991 576 3044 A.
604 2990 723 3046 efestion
739 2990 776 3043 A.
836 2993 1015 3046 teratherus
1034 2994 1070 3045 A.

59 3061 141 3143 dhis
160 3062 192 3116 P.
256 3061 532 3116 Sinaommodarent
549 3061 584 3115 A.
640 3059 764 3130 aigitur
781 3060 887 3114 iturum
904 3062 940 3115 A.
968 3062 1070 3116 iterum

57 3133 197 3257 rgrturlg,
219 3207 251 3256 13
271 3203 307 3256 ad
325 3201 415 3256 insule
434 3202 475 3256 ire
496 3202 529 3256 P.
586 3206 618 3254 15
636 3204 732 3256 tamen
750 3201 786 3256 A.
810 3203 920 3255 tantum
939 3202 972 3256 P.
1006 3217 1071 3256 oon·
1101 3227 1112 3241 1«

58 3271 1071 3398 awmfflmmwr

59 3359 94 3466 ia
112 3385 249 3469 sarbaras
263 3387 317 3468 'Px
344 3414 516 3467 rimabamur
537 3415 644 3483 sarpa.
681 3386 820 3468 ridebam
843 3414 918 3468 Aa
991 3384 1071 3468 aaa

58 3483 186 3610 diian
243 3491 277 3540 26
296 3485 438 3540 immorati
457 3485 513 3540 Mr.
537 3483 725 3540 immemorati
743 3484 818 3540 A.P.
869 3490 902 3538 27
921 3484 1019 3540 inille
1038 3485 1072 3539 P.
