2362 3938
413 215 531 272 AOTUS
551 217 774 278 ALEXANDRI.
1035 222 1098 287 107

81 380 170 466 quod
192 379 304 445 tuendi
328 378 378 446 sui
401 379 510 465 gratia
532 401 634 464 usque
660 381 701 445 ad
725 381 834 447 decem
857 383 1014 469 vigintive
1038 385 1098 451 ho-

81 471 206 534 minum
225 489 395 537 numerum
419 487 596 553 congreges
621 467 748 534 facient
784 468 899 536 Cetera
922 473 1096 540 multitudo

80 580 141 642 pro
166 557 381 622 rebellatione
404 559 437 621 et
459 557 587 622 hostico
610 560 770 642 punietur.

172 643 230 712 36.
268 645 525 710 Mercaturarum
553 666 705 711 versurae
733 647 799 712 sint
826 647 938 713 itidem
968 652 1006 714 ut
1035 652 1130 715 subl

78 734 181 801 Dario
214 738 416 818 pateantque
447 734 641 800 commercia
671 736 723 800 vel
752 735 884 802 Graecis
917 737 951 802 in
978 736 1122 808 Persass

78 825 131 888 vel
152 822 261 889 Persis
281 822 381 888 etiam
403 822 444 887 ad
463 821 614 889 Graecos.
652 822 777 909 Quippe
795 826 962 910 provisum
982 830 1040 911 est,
1060 832 1097 892 ut

79 934 137 997 per
161 914 311 996 satrapas
335 911 435 976 etiam
458 911 606 976 dimensa
630 914 737 996 spatia
755 914 826 978 viae
849 915 997 997 publicae
1020 935 1096 982 con·
1119 929 1123 934 ’

79 1005 277 1066 sternantur.
315 998 556 1065 Sollemnitates
576 1000 669 1066 vobis
694 1004 727 1065 et
751 1005 926 1067 certamina
944 1005 1097 1088 gymnica

79 1094 191 1172 erunt3
221 1089 277 1153 sed
304 1088 395 1154 hisce
423 1088 571 1153 omnibus
599 1090 765 1172 praesides
794 1090 867 1155 dedi
895 1115 934 1156 ex
959 1094 1097 1159 Alexan·

78 1179 151 1242 dria
174 1197 248 1241 mea
270 1176 358 1242 viros
381 1176 580 1262 Aegyptios,
607 1178 724 1262 quibus
753 1201 868 1244 aureae
892 1203 1019 1266 quoque
1042 1203 1130 1248 co-rt

80 1288 181 1332 ronae
212 1269 381 1351 gestamen
405 1269 439 1330 et
462 1266 599 1330 amictus
622 1289 802 1351 purpureus
831 1273 881 1334 est
910 1271 1097 1356 permissus,

81 1358 276 1438 praeterque
305 1376 360 1419 eos
388 1355 539 1438 ingressu
563 1357 687 1419 ceteros
716 1357 799 1422 sacri
822 1359 999 1444 templique
1022 1382 1096 1443 pro·

78 1444 187 1508 hiberi
212 1444 370 1524 [placuit]⁸
424 1442 548 1508 Iudicia
572 1444 683 1525 etiam,
711 1466 793 1528 quae
817 1447 913 1530 vulgo
941 1447 1096 1529 privatim

80 1533 218 1616 quisque
241 1531 396 1614 faciebat,
423 1532 487 1594 nisi
510 1552 567 1615 per
590 1533 714 1596 curiam
737 1533 901 1615 publicam
925 1535 1096 1599 civitatum

78 1620 235 1685 celebrari
254 1641 322 1684 non
341 1619 461 1686 licebit.
497 1618 546 1686 Ac
565 1620 593 1684 si
611 1624 740 1704 praeter
758 1621 837 1685 haec
858 1622 975 1705 aliquis
996 1644 1093 1688 ausus
1108 1647 1130 1690 rs

78 1709 151 1791 erit,
173 1708 280 1773 hostis
305 1708 464 1792 supplicio
487 1708 657 1792 punietur?
696 1708 742 1772 Idt
764 1709 845 1773 haec
869 1710 999 1793 quidem
1017 1711 1129 1777 Ale-4

78 1796 200 1862 rander
222 1797 334 1862 usibus
357 1797 504 1880 publicis.
542 1796 636 1873 Quod
654 1819 731 1862 vero
755 1797 796 1861 ad
819 1798 1094 1882 comprehenden-

79 1887 137 1951 dos
158 1908 223 1970 eos,
242 1885 297 1969 qui
312 1884 449 1950 Darium
463 1885 651 1950 vulneribus
670 1886 881 1968 incesserant,
903 1885 981 1952 dicit
998 1887 1093 1953 haec:

78 1973 257 2060 ‘Equidem
284 1995 336 2038 me
365 1973 491 2058 gaudeo
515 1975 642 2039 hostem
666 1973 844 2038 maximum
868 1973 1003 2040 Darium
1029 1997 1094 2040 ser·

78 2064 159 2128 vitio
184 2062 391 2146 subiugasse,
417 2061 549 2146 eiusque
572 2064 711 2127 mortem
734 2063 810 2127 licet
831 2063 902 2146 ipse
925 2069 1093 2129 exsecutus
1106 2080 1130 2122 au

77 2173 144 2216 non
168 2152 241 2234 sim,
263 2151 368 2215 habeo
392 2154 504 2216 tamen
525 2151 624 2235 hisce,
650 2151 705 2234 qui
728 2150 762 2215 id
783 2151 927 2236 fecerint,
946 2153 1095 2238 gratiam.

78 2241 187 2317 Quare
211 2239 298 2323 quod
317 2239 555 2305 benivolentiae
579 2261 655 2304 suae
679 2261 757 2324 erga
781 2262 832 2305 me
857 2240 999 2306 studium
1022 2263 1108 2326 profi

78 2328 192 2394 testati
216 2331 305 2406 sunt,
331 2328 369 2411 ii,
392 2327 512 2412 quique
539 2332 615 2392 sunt
638 2333 786 2394 auctores
809 2329 958 2416 huiusce,
981 2330 1096 2396 hortor

79 2439 116 2482 ac
141 2438 272 2499 moneo,
299 2418 349 2481 uti
377 2437 410 2480 se
433 2416 575 2500 prodant
602 2416 745 2501 mihique
773 2417 917 2483 indicent
948 2420 1095 2503 praemia

77 2506 190 2571 debita
220 2505 388 2588 recepturi.
432 2503 524 2570 Neve
550 2505 638 2569 istud
666 2505 700 2570 in
729 2507 918 2592 ambiguum
946 2507 1094 2573 dubium·
1108 2525 1130 2565 2³

80 2616 142 2678 que
171 2594 244 2678 quis
272 2592 462 2675 transferat,
489 2594 560 2658 iuro
590 2594 666 2658 deos
695 2596 962 2680 maiestatemque
990 2596 1093 2681 patris

79 2682 252 2748 Ammonis
267 2686 300 2746 et
313 2680 517 2767 Olympiadis
532 2683 647 2747 matris
662 2704 762 2768 meae,
781 2686 898 2770 quique
913 2684 948 2749 hi
962 2684 1093 2768 fuerint,

79 2793 133 2836 eos
164 2792 216 2835 me
245 2770 402 2835 sublimes
431 2792 468 2835 ac
497 2771 685 2836 notissimos
716 2774 866 2838 omnibus
895 2774 1093 2839 effecturum.

168 3022 184 3069 3
203 3014 357 3070 rebellione
376 3015 408 3069 P.

167 3085 216 3141 36.
236 3085 312 3141 9luis
320 3087 354 3140 P.
392 3092 425 3141 10
439 3085 596 3154 Aegyptios
606 3083 692 3140 Mae.
713 3085 810 3153 egypti
819 3087 852 3139 P.
872 3101 906 3139 ex
919 3082 1091 3154 AegyptoA.

81 3163 113 3211 11
132 3162 279 3225 gestamen
296 3157 326 3211 Τ.
350 3172 396 3211 res
414 3160 509 3212 tamen
523 3156 598 3211 A.P.
642 3161 675 3209 12
693 3157 860 3224 praeterque
874 3156 910 3210 A.
918 3157 951 3208 P.
976 3156 1093 3222 pariter·

80 3245 133 3296 qne
157 3228 188 3282 T.
217 3227 346 3297 ingressu
372 3228 403 3284 Τ.
432 3227 575 3296 ingressus
598 3227 633 3280 A.
643 3226 676 3280 P.
755 3232 787 3280 13
807 3226 914 3294 placuit
933 3226 996 3280 add.
1018 3226 1091 3280 Mai.

80 3299 111 3352 ln
130 3299 214 3354 dacia
234 3300 268 3353 P.
307 3303 340 3352 15
360 3298 498 3353 AeaP.
527 3297 599 3351 Hinc
618 3295 706 3351 Mai&
750 3302 782 3350 16
801 3297 854 3350 hoc
873 3297 905 3352 P.
944 3302 976 3349 21
997 3295 1041 3349 his
1058 3295 1092 3349 P.

80 3375 113 3424 22
131 3368 346 3424 benevolentiae
366 3385 433 3424 suae
453 3384 520 3437 erga
539 3385 583 3422 me
606 3368 635 3423 Τ.
677 3365 899 3422 benivolentiam
923 3384 1002 3421 suam
1026 3382 1056 3421 er
1127 3374 1130 3385 ’

14 3434 19 3444 “
79 3441 135 3495 mei
153 3440 230 3496 ΑΡ.
271 3447 305 3495 28
325 3439 345 3494 ii
363 3440 468 3509 quique
488 3439 519 3493 T.
546 3438 577 3493 hi
596 3438 646 3507 qui
666 3438 699 3491 P.
725 3436 747 3490 ii
767 3454 877 3506 quoque
896 3438 932 3494 A.
958 3438 1041 3493 huius
1085 3475 1092 3490 .

80 3517 113 3565 26
132 3512 200 3565 deos
226 3512 257 3565 T.
286 3527 335 3566 ora.
360 3512 396 3567 A.
405 3511 439 3564 P.
481 3510 713 3576 maiestatemque
740 3509 771 3563 T.
780 3510 812 3562 P.
856 3510 1032 3565 maiestatem
1055 3506 1130 3609 A!

81 3582 167 3650 patris
187 3581 216 3636 et
234 3581 267 3636 P.
341 3587 375 3637 28
395 3598 443 3636 eos
462 3598 506 3636 me
525 3581 561 3636 A.
590 3595 693 3650 eosque
712 3580 745 3636 P.
