2370 3938
309 202 601 259 ARGONAUTIOON
618 205 727 259 LIBER
744 205 805 260 Vll.
1005 205 1069 269 143

44 355 102 433 qui
126 352 213 413 modo
236 353 382 430 uirgineis
405 354 521 412 seruari
544 351 680 413 cantibus
704 352 770 413 Idas

43 441 136 505 flerat
159 449 189 501 et
211 443 306 501 inuito
329 442 483 520 prospexit
505 439 645 501 Colchida
668 440 763 501 rrultu.
1009 453 1061 503 515

44 548 111 592 non
133 529 203 590 tulit
225 532 289 608 ipse
314 547 412 590 moras
435 547 561 607 seseque
584 531 698 590 inmisit
720 528 815 611 lason,

46 620 187 680 diuersos
210 626 369 697 postquam
392 620 437 678 ire
461 617 553 697 uidet.
599 617 772 698 galeamque
795 620 959 680 minantem

47 714 171 787 quassat
194 713 224 767 et
238 714 399 767 ,errantem
421 706 525 767 dextra
549 709 608 767 ciet
628 705 738 770 obuius
761 709 869 785 ignem.

402 837 580 916 *⁵3*

48 980 210 1034 cunctatus
232 972 354 1051 paulum
377 970 477 1032 subito
500 972 582 1032 155515.
628 989 757 1049 aequora
780 988 839 1032 uon
863 973 906 1032 sic
1015 983 1065 1034 551

47 1064 82 1137 in
105 1061 243 1140 scopulos
267 1061 341 1120 irata
364 1068 458 1121 ruunt
480 1059 644 1137 eademque
667 1059 813 1120 recedunt

46 1150 144 1211 tracta
166 1157 257 1209 retro.
302 1147 349 1208 bis
372 1147 523 1208 fulmineis
547 1165 579 1208 se
600 1146 722 1211 flatibus
744 1148 836 1208 insert

46 1236 234 1316 obnubitque
257 1239 371 1317 uirum,
395 1236 447 1297 sed
470 1254 531 1296 non
553 1235 691 1297 incendia
714 1235 831 1297 Colchis
903 1234 906 1240 ’

47 1327 202 1405 adspirare
225 1327 312 1407 sinit,
336 1324 491 1404 clipeoque
515 1324 651 1386 inliditur
673 1327 752 1404 ignis
1013 1337 1066 1388 585

46 1414 175 1493 frigidus
199 1422 229 1475 et
251 1415 318 1474 uiso
340 1413 476 1493 pallescit
497 1412 614 1474 flamma
636 1431 763 1474 ueneno.
1014 1411 1020 1425 “

45 1503 130 1565 ilicet
152 1503 314 1563 Aesonides
337 1503 472 1563 dextram
494 1500 531 1562 ad
555 1502 718 1581 squalentia
740 1503 832 1562 mittit

48 1609 177 1672 cornua,
200 1592 269 1651 dein
292 1594 364 1652 totis
387 1589 578 1670 propendens
601 1588 718 1651 uiribus
740 1589 852 1651 haeret.

46 1679 98 1742 ille
121 1681 222 1740 uirum
245 1679 340 1758 adque
363 1681 459 1758 ipsam
481 1686 554 1740 tuuc
577 1687 620 1758 te,
643 1678 759 1759 Medea,
783 1696 927 1740 recusans

47 1770 184 1829 concutit
207 1776 237 1828 et
259 1775 322 1828 tota
344 1770 491 1828 nitentem
514 1766 655 1828 cornibus
678 1769 723 1827 ira
1012 1778 1064 1830 500

45 1863 148 1937 portat
170 1858 265 1935 inors3
288 1855 409 1917 taudem
432 1858 554 1934 grauius
577 1858 693 1936 mugire
716 1855 852 1916 residens

48 1947 156 2024 incipit
178 1952 209 2005 et
231 1945 311 2005 sesso
334 1947 434 2005 uictus
458 1945 640 2005 descendere
665 1962 767 2019 cornu,

48 2035 173 2112 respicit
195 2033 265 2094 hinc
288 2034 399 2113 socios,
422 2035 552 2094 inmania
573 2033 694 2093 uincula
715 2049 852 2112 poscens,

48 2122 227 2202 Aesonides,
250 2124 368 2199 iamque
392 2139 444 2182 ora
466 2123 577 2200 premit
598 2121 786 2199 trahiturque
811 2119 971 2201 trahitque,

47 2208 235 2288 obnixusque
260 2227 338 2288 genu
362 2217 495 2290 superat,
519 2211 657 2288 cogitque
681 2215 844 2269 trementes
1012 2217 1064 2269 595

47 2296 105 2358 sub
128 2299 196 2376 iuga
218 2316 291 2358 aena
313 2306 405 2358 toros.
451 2297 541 2358 alium
564 2297 671 2357 dehinc
694 2296 813 2357 turbida
836 2294 953 2356 Colchis

49 2393 183 2445 exarmat
204 2385 378 2464 lentumque
402 2387 490 2446 offert
512 2385 675 2465 timideque
698 2386 868 2465 minantem,

49 2476 169 2551 iamque
191 2476 405 2553 propinquanti
428 2481 546 2536 noctem
568 2474 704 2554 inplicat;
726 2473 776 2534 ille
799 2474 940 2534 fatiscens

45 2564 79 2623 in
104 2569 192 2641 caput
215 2565 305 2641 inque
329 2580 450 2624 umeros
472 2564 537 2643 ipsa
560 2565 592 2624 ui
613 2563 701 2623 molis
724 2570 754 2624 et
776 2565 838 2624 irae

44 2651 178 2730 proruit3
202 2651 317 2711 inuadit
339 2658 480 2730 totusque
504 2651 649 2712 incumbit
671 2650 758 2712 lason
1012 2662 1063 2712 500

47 2737 179 2815 desuper
203 2737 297 2818 adque
321 2742 384 2800 suis
408 2739 537 2801 defixum
559 2740 678 2801 flatibus
701 2748 796 2819 urget.

45 2834 141 2903 utque
165 2826 245 2886 dedit
267 2828 374 2889 uinclis
397 2827 556 2907 ualidoque
579 2827 739 2888 obstrinxit
760 2835 868 2908 aratro,

46 2915 172 2975 suscitat
195 2917 258 2994 ipse
282 2934 361 2994 genu
385 2935 534 2994 saeuaque
554 2917 616 3019 egit
637 2919 762 2994 insuper
784 2916 878 2993 hasta,

48 3020 111 3061 non
135 3021 222 3064 secus
246 3022 281 3064 ec
303 3005 401 3065 medio
426 3023 514 3082 quam
537 3006 563 3064 si
585 3003 701 3064 telluris
723 3003 806 3063 hiatu

45 3098 131 3168 terga
155 3093 285 3153 recentis
309 3095 378 3171 equi
400 3096 591 3171 primumque
614 3092 724 3151 inuasit
745 3089 870 3151 habenis
1012 3096 1064 3148 505

46 3196 186 3240 murmur
209 3182 271 3240 et
262 3198 294 3240 ru
317 3199 432 3241 summa
455 3180 540 3261 Lapit
527 3179 595 3240 thes
618 3181 754 3258 apparuit
777 3174 964 3238 0555.
996 3248 1001 3251 ,

94 3265 146 3326 1115
170 3267 254 3329 uelut
277 3286 396 3348 campos
419 3267 527 3371 Libyes
549 3285 583 3328 ac
606 3268 725 3346 pinguia
748 3265 807 3326 Nih

45 3353 155 3415 fertilis
179 3374 251 3417 arua
273 3364 368 3438 secet,
391 3356 479 3460 plena
502 3358 545 3416 sio
568 3357 682 3415 semina
704 3355 808 3415 dextra
854 3367 889 3431 *j
935 3376 971 3443 ’5
1024 3353 1063 3422 age

46 3460 189 3523 spargere
213 3446 321 3524 gaudet
340 3447 419 3524 agris
437 3450 601 3521 oneratque
624 3443 742 3504 nonalia
764 3442 911 3520 bellogg

43 3530 172 3598 Mortuus
195 3532 244 3592 bic
266 3535 397 3612 primum
420 3540 467 3594 ter
490 3549 613 3593 uomere
637 3532 721 3592 fusus
745 3530 812 3592 ab
804 3549 869 3611 1pso
1011 3544 1062 3594 010
