2362 3938
348 110 641 168 ARGONAUTICON
659 111 770 166 LIBER
786 112 833 167 IV.
1055 112 1097 176 73

78 259 254 321 instimulat.
300 261 415 321 fumant
438 259 545 321 crebro
567 259 741 339 praecordia
763 260 861 340 pulsu.
1045 272 1097 322 285

80 352 145 409 auia
169 356 349 428 responsant
370 351 482 428 gemitu
505 351 586 426 iuga:
608 348 736 428 peruigil
758 357 793 410 ut
815 367 884 410 cum

81 437 232 498 artificum
255 445 339 497 tonat
361 438 454 498 Aetna
477 455 583 497 manus
606 444 637 497 et
659 436 783 497 fulmina
806 437 932 518 Cyclops

80 525 262 606 prosubigit,
285 525 379 604 pulsis
402 527 561 604 strepitant
582 524 742 586 incudibus
765 525 866 586 urbes.

82 617 190 675 emicat
211 612 261 674 bio
284 614 458 692 laeuamque
471 621 566 692 ‚parat
588 612 782 692 dextramque
805 617 936 674 minatur
1000 602 1003 614 '

82 701 279 782 Tyndarides3
302 701 381 781 redit
403 701 463 762 buc
486 701 582 762 oculis
605 709 635 762 et
656 701 788 781 pondere
811 701 928 782 Bebryx

83 793 125 851 sio
149 797 248 871 ratus,
270 790 319 851 ille
344 798 444 850 autem
466 789 558 850 celeri
581 792 676 867 quatit
699 809 752 850 cra
774 793 902 851 sinistra.

83 878 269 940 conclamant
293 880 366 939 socii
390 886 420 939 et
442 877 556 939 subitas
579 876 651 938 dant
673 878 778 957 gaudia
801 898 901 941 uoces.

82 968 165 1029 illum
188 969 338 1046 insperata
361 966 516 1027 turbatum
538 966 643 1028 iraude
666 967 875 1047 furentemque

83 1054 240 1116 Oebalides
263 1058 359 1134 prima
380 1056 492 1134 refugit
514 1055 586 1116 dum
608 1053 730 1116 detonet
751 1057 805 1137 ira,

83 1146 208 1205 territus
230 1145 295 1223 ipse
319 1146 408 1204 etiam
431 1143 526 1222 adque
549 1145 679 1222 ingentis
703 1146 841 1205 conscius
864 1147 938 1206 ausi.

83 1234 179 1293 saeuit
201 1234 288 1311 inops
310 1232 439 1311 Amycus
460 1231 542 1293 nullo
566 1231 737 1293 discrimine
761 1251 827 1293 sese

41 1324 44 1329 '
83 1321 284 1400 praecipitans
306 1320 489 1399 rabidusque
512 1321 613 1382 uirum
636 1314 802 1403 (respectat
824 1329 948 1382 ouantes

83 1411 196 1488 quippe
218 1408 325 1488 procul
347 1403 475 1492 Minyas)
499 1416 563 1470 tum
586 1416 687 1470 caestu
712 1408 807 1469 elatus
828 1417 958 1488 utroque

83 1499 204 1570 imuit.¹
232 1496 288 1558 hos
309 1499 389 1558 inter
411 1496 516 1557 Pollux
539 1496 621 1558 subit
642 1506 673 1558 et
695 1499 790 1557 trucis
811 1497 891 1557 ultro

82 1584 203 1646 aduolat
225 1603 277 1645 ora
299 1587 372 1646 uiris
394 1603 451 1646 nec
474 1605 544 1665 spes
567 1586 685 1667 effecta,
708 1584 759 1645 sed
783 1585 885 1646 ambae

81 1677 113 1734 in
136 1680 243 1753 pectus
266 1673 401 1734 cecidere
424 1692 539 1735 manus.
584 1674 641 1735 boc
665 1675 782 1735 saeuior
804 1672 866 1757 illc

82 1781 153 1822 ecce
176 1764 288 1822 iterum
310 1780 421 1822 uacuas
444 1765 504 1842 agit
525 1762 694 1824 inconstdta
715 1781 771 1842 per
794 1781 881 1824 auras

82 1849 212 1911 brachia.
258 1853 350 1910 sentit
372 1858 403 1910 at
423 1858 458 1913 ut
480 1850 584 1912 Pollux
606 1852 730 1912 rationis
754 1859 899 1934 egentem,

81 1938 134 1998 dat
156 1937 282 2016 genibus
305 1940 415 2000 iunctis
438 1938 515 2000 latus
539 1940 726 2019 effusumque
750 1949 872 2000 secutus
1091 2015 1094 2020 Ι

81 2026 162 2087 baud
185 2045 329 2087 reuocare
352 2026 477 2106 gradum
499 2030 625 2109 patitur,
648 2027 809 2108 turbatque
832 2029 999 2107 premitque
1045 2038 1100 2087 305

81 2116 244 2195 ancipitem
267 2114 389 2176 crebros
413 2123 444 2176 et
465 2115 542 2177 liber
565 2118 700 2195 congerit
722 2117 801 2177 ictus

81 2203 214 2283 desuper
232 2221 353 2283 auerso;
377 2212 463 2264 sonat
484 2207 566 2265 omni
589 2204 717 2265 uerbere
744 2213 850 2265 uertex

54 2292 56 2298 '
80 2290 202 2353 inclinis
220 2291 387 2371 ceciditque
410 2310 524 2355 manus.
569 2296 628 2355 iam
649 2300 783 2372 tempora
805 2301 929 2354 manant

82 2382 227 2459 sanguine
251 2381 368 2460 iamque
391 2380 485 2442 latent
507 2399 609 2461 aures,
632 2381 734 2442 uitalia
756 2381 851 2442 donec

80 2467 218 2549 uincula,
241 2487 299 2547 qua
321 2471 418 2548 primo
442 2471 545 2530 ceruix
568 2472 764 2531 committitur
786 2477 862 2552 artu,
1045 2481 1099 2530 310

81 2555 174 2618 soluit
196 2556 300 2617 dextra
323 2559 431 2636 grauis.
451 2603 454 2612 .
471 2557 621 2619 labentem
642 2557 775 2639 propulit
796 2558 886 2619 heros

82 2663 117 2706 ao
141 2662 233 2724 super
255 2646 398 2706 insistens
421 2641 538 2706 ‘Pollux
561 2665 616 2726 ego
639 2649 748 2708 missus
771 2646 899 2727 Amyclis

81 2742 113 2794 et
136 2731 208 2792 loue
231 2727 331 2794 natus'
354 2736 403 2815 ait,
427 2729 548 2795 ‘nomen
571 2733 748 2796 mirantibus
772 2734 885 2795 umbris

80 2821 141 2882 hoc
163 2821 292 2902 referes,
315 2824 359 2882 sic
382 2830 413 2883 et
434 2825 561 2884 memori
583 2841 708 2883 noscere
731 2816 912 2901 sepulchro?

127 2907 278 2989 Bebrycas
300 2910 449 2990 extemplo
471 2913 584 2991 spargit
607 2911 688 2989 luga3
711 2908 811 2970 nullus
835 2909 965 2989 adempti
1045 2919 1098 2969 315

80 2998 163 3076 regis
186 3015 283 3078 amor;
305 3007 438 3060 montem
461 2999 575 3060 celeres
598 2997 763 3075 siluamque
786 3003 955 3076 capessunt.

79 3085 157 3147 baec
180 3103 260 3168 sors,
282 3085 355 3147 haec
378 3087 522 3166 Amycum
543 3086 663 3148 tandem
685 3103 791 3145 manus
814 3086 910 3146 arcuit
932 3086 1012 3145 ausis

80 3175 174 3235 eilera
197 3183 368 3235 seruantem
390 3174 479 3236 Ponti
501 3175 566 3236 loca
587 3177 709 3254 uimque
732 3175 872 3234 iuuentae

80 3264 257 3324 continuam
280 3271 311 3323 et
333 3265 432 3342 magni
455 3273 624 3343 sperantem
646 3270 781 3342 tempora
802 3263 903 3342 patris.

79 3349 218 3413 tenditur
240 3350 290 3411 ille
313 3353 419 3430 ingens
441 3351 595 3412 bominum
617 3368 712 3430 pauor
735 3369 866 3429 aruaque
888 3349 946 3410 late
1047 3360 1100 3408 320

79 3447 225 3522 occupat,
248 3442 352 3500 annosi
375 3438 470 3502 ueluti
494 3442 519 3500 si
542 3439 659 3500 decidat
681 3437 751 3498 olim
