2362 3938
356 195 648 253 ARGONAUTIOON
666 198 814 254 LIBERI.

76 362 135 405 nec
156 342 296 422 scopulos
319 352 370 404 aut
393 353 477 405 antra
500 347 599 405 minax
623 348 704 406 iuxta
728 347 820 408 altera
842 347 930 410 tellus
1011 386 1014 391 ·

77 434 228 494 cernitur:
251 431 300 492 illa
323 432 466 493 Acamans
490 432 603 495 habitat
626 435 784 513 nudusque
808 435 961 516 Pyragmo.

76 520 132 581 has
155 518 249 581 nimbi
272 523 414 599 uentique
439 520 542 582 domos
566 532 596 583 et
619 524 759 602 naufraga
784 535 893 601 seruat⁴

77 617 255 690 tempestas3
278 609 348 670 hinc
372 613 402 669 in
425 619 521 670 terras
545 611 696 689 latumque
720 614 903 690 profundum
1042 627 1094 679 586

79 700 222 777 esther,
246 697 317 758 hinc
341 697 411 758 olim
434 699 513 758 soliti
536 702 662 759 miscere
685 701 848 780 polumque

78 786 243 865 infelixque
267 786 378 847 fretum
402 781 515 869 (neque
540 789 619 847 enim
643 796 714 848 tunc
738 789 847 850 Aeolus
869 791 928 852 illis

79 883 180 935 rector
204 882 282 955 erat,
305 873 397 954 Libya
420 893 488 935 cum
512 885 665 954 rumperet
689 877 804 937 aduena
827 877 936 958 Calpen

79 962 231 1044 Oceanus,
255 981 324 1024 cum
346 963 422 1023 ilens
447 963 563 1023 Siculos
586 963 728 1024 Oenotria
751 966 825 1026 tines

78 1051 220 1130 perderet
244 1061 274 1111 ct
296 1052 402 1112 mediis
425 1054 573 1113 intrarent
596 1052 747 1114 montibus
769 1050 892 1138 undae),
1044 1069 1097 1121 000

78 1142 210 1201 intonuit
233 1139 328 1200 donec
351 1140 468 1219 pauidis
492 1159 527 1200 ex
552 1141 671 1200 aethere
695 1145 795 1203 uentis

79 1231 268 1308 omnipotens
291 1223 453 1307 regemque
477 1229 570 1310 dedit,
594 1248 684 1307 quem
706 1233 787 1292 iussa
811 1236 912 1294 uereri

78 1336 169 1377 saeua
188 1317 310 1378 cohors:
332 1320 364 1376 in
387 1323 487 1377 moute
512 1317 631 1397 chalybs
654 1321 819 1398 iterataque
843 1324 937 1382 muris

78 1423 147 1465 saxa
172 1404 293 1466 domant
314 1404 421 1465 Euros.
467 1424 536 1467 cnm
559 1409 617 1466 iam
641 1407 780 1468 cohibere
805 1409 986 1471 trementum

78 1513 130 1553 ora
155 1496 273 1575 nequit,
296 1512 350 1554 rex
369 1503 441 1554 tunc
464 1495 563 1555 aditus
587 1504 617 1555 et
640 1495 769 1556 claustra
792 1497 931 1575 refringit
1043 1510 1094 1560 595

78 1584 141 1662 ipse
168 1583 272 1643 uolens
294 1582 450 1662 placatque
473 1584 540 1643 data
563 1584 625 1643 iera
649 1602 802 1644 murmura
824 1593 918 1663 porta.

78 1673 203 1731 nuntius
226 1670 306 1731 hunc
329 1671 403 1731 solio
425 1670 536 1731 Boreas
559 1671 716 1751 proturbat
738 1671 775 1732 ab
798 1672 865 1733 alto.

78 1755 226 1838 ‘Pangaea
250 1760 329 1838 quod
352 1759 388 1820 ab
413 1778 481 1820 arce
505 1755 599 1820 neias'
624 1762 677 1839 ait,
702 1756 815 1841 ‘heole‚
837 1759 914 1822 uidi!

79 1847 166 1908 Graia
190 1866 299 1909 nonam
322 1849 403 1909 ferro
426 1849 535 1909 molem
558 1858 726 1923 commenta
748 1851 890 1910 iuuentus

77 1925 178 2027 pergit·
199 1945 229 1997 ct
251 1939 366 2016 ingenti
388 1938 519 2016 gaudens
538 1938 637 1999 domat
660 1956 789 2017 aequora
812 1937 898 2018 bello,
1039 1950 1092 2000 000

78 2043 133 2085 nec
157 2025 231 2086 mihi
253 2025 375 2086 libertas
397 2028 465 2087 imis
489 2026 571 2088 treta·
588 2026 691 2087 tollere
715 2025 842 2087 harenis.

78 2113 175 2193 qualis
198 2132 280 2174 eram
303 2113 435 2176 nondum
458 2115 566 2176 uinclis
590 2123 619 2176 et
643 2133 762 2176 carcere
787 2113 918 2176 clausus!

77 2201 148 2262 hinc
172 2204 263 2263 animi
286 2210 477 2282 structaeque
501 2206 576 2264 uiris
599 2203 707 2264 fiducia
729 2206 847 2284 puppis

79 2291 159 2369 quod
182 2290 298 2351 Borean
321 2290 378 2351 sub
402 2310 472 2371 rege
496 2293 608 2352 uident.
654 2293 690 2352 da
714 2311 849 2371 mergere
874 2290 979 2353 Graios

77 2381 271 2458 insanamque
294 2388 402 2440 ratem:
425 2380 467 2440 nil
489 2399 536 2440 me
560 2399 625 2441 mea
648 2383 771 2460 pignora
793 2388 927 2459 tangunt.
1040 2393 1092 2444 600

78 2475 195 2528 tautum
217 2468 371 2528 hominum
394 2486 549 2548 compesce
573 2471 681 2550 minaS,
704 2468 776 2530 dum
798 2470 885 2530 litora
907 2470 989 2530 iuxta

78 2555 220 2617 Thessala
242 2557 370 2617 necdum
394 2557 466 2617 aliae
490 2556 632 2619 uiderunt
655 2557 776 2618 carbasa
798 2547 918 2618 terrae.⁵

168 2645 297 2707 llixerat.
344 2654 374 2707 at
397 2648 498 2706 cuncti
521 2646 649 2706 fremere
672 2649 753 2708 intus
777 2655 808 2708 et
830 2664 960 2725 aequora
982 2649 1068 2708 uenti

77 2752 213 2813 poscere.
260 2743 325 2795 tum
347 2733 445 2795 ualido
469 2742 635 2795 contortam
657 2735 777 2795 turbine
800 2737 917 2813 portam

78 2823 187 2902 inpulit
209 2821 400 2902 hippotades.
447 2823 575 2884 fundunt
598 2842 630 2884 se
654 2842 774 2884 carcere
797 2823 867 2884 laeti
1041 2834 1094 2885 010

77 2911 210 2971 Thraces
234 2913 304 2990 equi
327 2910 540 2991 Zephyrusque
564 2919 595 2972 et
617 2915 699 2973 nocti
722 2911 862 2973 concolor
885 2910 944 2970 alas

77 2999 249 3060 nimborum
272 3018 342 3061 cum
364 3000 447 3079 prole
470 2999 566 3061 Notus
589 3002 762 3078 crinemque
785 2997 924 3077 procellis

77 3087 214 3168 hispidus
237 3096 268 3149 et
290 3087 382 3149 multa
404 3087 500 3150 llanus
523 3096 611 3168 capnt
631 3087 731 3148 Eurus
754 3086 876 3165 harena3

77 3175 222 3238 induxere
247 3176 375 3237 hiemem
398 3195 548 3256 raucoque
573 3177 609 3237 ad
630 3176 718 3237 litora
740 3183 837 3236 tractu

77 3268 212 3326 unanimi
235 3266 312 3326 ireta
334 3283 428 3326 curua
451 3266 552 3327 ierunt
574 3283 630 3325 nec
653 3264 715 3325 sola
737 3263 876 3324 tridentis
1040 3270 1096 3322 010

78 3373 170 3433 regna
194 3362 330 3433 mouent3
353 3362 439 3414 nasto
462 3356 574 3434 pariter
597 3355 658 3413 ruit
680 3355 785 3431 igneus
808 3350 911 3410 aether

76 3461 148 3503 cum
170 3445 286 3504 tonitru
308 3445 454 3521 piceoque
477 3443 586 3522 premit
609 3458 668 3500 nox
690 3442 788 3500 omnia
812 3438 902 3499 caelo.

76 3533 198 3592 excussi
219 3529 358 3592 manibus
381 3532 456 3591 remi
480 3547 683 3608 conuersaque
707 3529 837 3589 frontem

131 3641 183 3684 rat
197 3641 302 3683 uncam.
869 3635 892 3686 ‘t
