2362 3938
111 199 169 265 ag
459 191 805 250 cannmrmnccr

126 356 156 408 at
178 348 278 426 surgo,
302 361 481 422 quamquam
503 342 626 403 insidias
649 351 791 421 astusque
814 360 968 403 nouercae

85 500 89 507 ,
126 435 235 495 sentiat
258 441 288 492 et
310 431 433 492 blandos
456 439 650 510 quaerentem
672 431 784 510 fingere
807 429 921 510 uultus,
1015 510 1019 515 α

127 522 304 600 obsequitur
326 528 425 580 tamen
449 527 479 580 et
502 521 597 579 iussas
620 520 695 598 petit
718 520 802 578 ocius
824 536 902 579 oras.

171 610 320 689 Ingemuit
342 608 416 668 luno
439 608 623 686 tandemque.
642 606 758 667 silentia
781 609 908 685 rumpit:

128 694 179 758 ‘eu
201 697 298 777 labor,
322 715 359 757 eu
383 696 458 756 odiis
482 703 571 775 caput
593 694 793 774 insuperabile
816 698 939 775 uostris,
1101 710 1148 760 510

128 805 217 866 quam
240 785 372 844 Nemeen
396 792 439 844 tot
463 784 542 844 fessa
563 786 666 865 minis,
690 801 765 861 quae
788 783 913 844 flumina
931 783 1053 847 Lernae

128 870 287 954 experiar?
331 872 469 951 Phrygiis
491 872 571 933 ultro
595 890 775 932 concurrere
799 874 944 933 monstris

130 980 235 1041 nempe
259 962 359 1020 uirum
383 970 413 1021 et
434 960 560 1040 pulchro
583 968 768 1022 reserantem
790 959 935 1039 Pergama
959 971 1071 1042 coepto

127 1049 265 1110 uidimus.
313 1067 349 1108 en
373 1067 427 1127 ego
450 1067 530 1108 nuuc
553 1066 658 1127 regum
681 1045 787 1109 soror?
810 1048 936 1109 etmihi
959 1053 1064 1128 gentis

129 1137 207 1196 callus
229 1132 377 1196 honos?
368 1154 428 1196 ram
450 1143 515 1196 tum
537 1136 694 1197 indecores
717 1140 872 1215 iustaeque
896 1136 1037 1199 dolorum
1098 1151 1148 1200 alt

126 1225 287 1302 primitiae,
310 1231 344 1282 ut
367 1231 471 1283 tenero
494 1227 626 1327 superati
648 1228 787 1303 protinus
809 1243 937 1326 angues

127 1310 282 1371 debuerim
305 1309 432 1371 nullos'
424 1313 527 1372 iuueni
549 1314 608 1373 iam
631 1331 775 1392 quaerere
799 1332 885 1374 casus

128 1401 206 1460 uicta
229 1417 285 1459 nec
309 1398 345 1458 ad
369 1399 443 1460 tales
466 1401 567 1461 forsan
590 1401 773 1463 descendere
795 1419 924 1482 pugnas:

127 1506 235 1549 uerum
259 1489 363 1548 animis
386 1490 490 1549 insiste
514 1491 574 1550 tuis
597 1498 754 1568 astumque
776 1508 832 1570 per
854 1507 976 1550 onmem

128 1577 218 1639 tende
241 1576 352 1657 pudor3
375 1595 443 1637 mox
466 1586 497 1638 et
520 1578 623 1638 Furias
646 1578 803 1656 Ditemque
825 1575 977 1639 moueb0.'

127 1665 201 1725 haec
224 1668 264 1725 ait
287 1674 317 1726 et
339 1668 451 1745 pariter
473 1666 552 1727 laeui
574 1668 642 1745 iuga
664 1668 752 1745 pinea
774 1668 885 1727 montis

127 1755 250 1831 respicit
273 1772 306 1813 ac
329 1754 454 1833 pulchro
478 1763 623 1815 uenantes
646 1757 761 1833 agmine
784 1754 943 1835 Nymphas,

127 1841 275 1901 undarum
298 1860 513 1920 nemorumque
536 1843 635 1903 decus.
681 1842 758 1903 lenis
780 1842 919 1903 omuibus
943 1861 1033 1905 arcus

127 1936 158 1989 et
180 1931 312 1990 manicae
335 1931 449 1991 uirides
472 1933 576 1991 stricta
599 1938 630 1990 et
653 1938 773 2010 corytus
790 1929 916 2010 habena,

129 2036 245 2078 summo
267 2018 344 2097 palla
366 2037 457 2099 genu,
481 2022 564 2080 tenui
586 2038 680 2098 uagus
702 2021 816 2079 innatat
839 2019 919 2079 unda

127 2108 219 2166 crinis
242 2107 277 2166 ad
301 2105 445 2166 obscurae
469 2108 633 2169 decurrens
657 2107 774 2186 cingula
796 2125 949 2168 mammae.

127 2196 190 2273 ipsa
214 2196 371 2254 citatarum
393 2195 482 2255 tellus
499 2194 575 2274 pede
598 2197 683 2276 pulsa
706 2214 843 2256 sororum
871 2234 880 2249 ·

126 2290 268 2360 personat
290 2290 320 2342 et
343 2285 455 2343 teneris
477 2285 635 2344 summittit
657 2286 789 2363 gramina
811 2283 928 2362 plantis,

127 2388 143 2428 e
168 2368 277 2446 quibus
299 2369 447 2431 Herculeo
470 2369 587 2450 Dryope
610 2390 753 2450 percussa
775 2373 901 2451 fragore,

128 2474 197 2516 cum
219 2458 357 2534 fugerent
379 2460 438 2518 iam
460 2459 518 2519 tela
541 2461 634 2541 ferae,
656 2468 845 2539 processerat
867 2460 946 2521 ultra

125 2543 279 2604 turbatum
301 2547 408 2605 uisura
422 2564 546 2625 nemus,
569 2548 741 2627 fontemque
763 2548 883 2627 petebat

126 2650 232 2692 rtusus
256 2640 286 2692 et
309 2634 450 2693 attonitos
473 2633 622 2695 referebat
644 2635 832 2698 ab-Hercule
856 2635 968 2698 uultus.

125 2719 201 2779 hanc
225 2719 343 2799 delapsa
364 2720 433 2800 polo
455 2723 617 2801 piceaeque
641 2722 764 2786 adclinis
787 2743 895 2805 opacae

126 2808 199 2869 luno
223 2816 311 2869 uocat
332 2827 500 2889 prensaque
523 2829 612 2872 mauu
636 2813 679 2872 sic
701 2812 807 2873 blanda
830 2831 885 2893 pro
887 2813 981 2876 fratur

126 2892 228 2976 quem
251 2897 306 2958 tibi
329 2900 467 2978 coniugio
490 2908 535 2961 tot
557 2901 714 2980 dedignata
736 2903 834 2964 dicaui

126 2985 259 3066 Nympha
281 3005 403 3070 procos,
426 3007 464 3048 en
486 2987 648 3050 haemonia
670 3009 746 3070 puer
768 2990 881 3071 adpulit
904 2990 980 3071 alno,

126 3092 215 3135 carus
237 3074 339 3159 Hylas,
359 3078 510 3156 saltusque
534 3087 602 3140 tuos
625 3089 801 3159 montesque
825 3088 979 3160 pererrat

125 3163 228 3223 uidisti
250 3167 346 3225 roseis
369 3165 442 3226 haec
465 3185 519 3245 per
541 3167 606 3229 loca
629 3166 764 3230 Bacchus
786 3168 909 3231 habenis

125 3267 194 3310 cum
217 3252 310 3312 domit
298 3260 343 3313 tas
367 3257 445 3315 acies
468 3263 498 3314 et
521 3255 576 3316 Eoi
599 3256 711 3316 fercula
733 3260 820 3336 regui

124 3335 249 3399 duceret
272 3357 305 3400 ac
328 3360 435 3403 rursus
458 3341 569 3403 thiasos
594 3351 624 3404 et
647 3362 730 3406 sacra
752 3349 902 3422 moueret,

123 3419 203 3482 hunc
227 3426 282 3485 tibi
305 3429 354 3489 uel
377 3432 474 3508 posito
498 3439 658 3491 uenautem
680 3419 798 3510 pectine
821 3427 977 3489 Phoebum

124 3510 213 3570 crede
236 3513 309 3573 dari,
355 3535 430 3594 quae
454 3536 523 3595 spes
545 3517 688 3597 Nymphis
711 3517 845 3576 aufertur
867 3515 1004 3575 Achaeis!
