2362 3938
412 186 530 242 ORTUS
548 185 770 244 ALEXANDRI.
1055 187 1096 254 37

78 372 145 415 aves
174 350 298 414 eodem
327 350 543 435 advolavisse,
569 349 754 434 raptimque
782 371 911 416 omnem
940 351 1032 416 illam
1060 351 1099 415 de

78 439 178 503 farina
192 439 322 503 lineam
339 438 543 523 abligurisse.
571 437 608 504 Id
628 459 705 523 ergo
720 440 863 522 portenti
880 439 1098 505 turbulentius

79 527 303 594 Alexandrum
337 527 566 592 formidantem
601 527 801 592 consuluisse
835 528 984 611 protinus
1016 528 1099 612 peri-

79 617 225 682 tissimos
262 617 485 681 coniectorum
516 637 694 700 eorumque
729 616 889 681 sententia
921 618 1099 698 rescivisse,

79 705 249 770 civitatem
268 705 354 769 hanc
373 725 438 770 non
458 706 525 769 suis
545 705 651 788 mode,
669 726 782 770 verum
799 705 979 789 peregrinis
1000 705 1126 770 etiamr

79 793 211 878 populis
241 793 282 857 ad
310 793 499 858 alimoniam
527 794 727 859 uberrimam
753 793 852 859 fore.x
880 792 925 859 Ut
952 793 1038 858 enim
1065 794 1100 858 in

80 883 136 947 illo
166 882 278 947 avium
301 903 435 947 numero
464 904 529 947 non
558 883 662 947 solum
690 882 877 967 indigenae,
905 903 1017 947 verum
1046 882 1099 946 ad-

79 993 184 1037 venae
223 970 324 1034 etiam
363 974 460 1055 atque
496 971 639 1055 undique
675 992 787 1035 versus
825 971 978 1054 adlapsae
1013 971 1100 1036 iacto

80 1060 205 1144 polline
236 1058 328 1123 avide
359 1065 471 1143 pastae
502 1060 582 1142 sint,
616 1060 664 1123 ita
693 1059 880 1124 hominibus
911 1081 1038 1144 quoque
1069 1063 1101 1124 et

81 1147 301 1213 incolentibus
331 1152 364 1212 et
392 1148 631 1232 adpellentibus
658 1147 772 1212 urbem
800 1149 883 1213 hano
911 1149 1134 1214 fructuosis-1<

82 1238 202 1301 simam
225 1236 305 1301 fore.

172 1322 233 1388 28.
257 1323 458 1400 Aedificandi
475 1328 587 1389 tamen
607 1324 838 1389 Alexandriam
861 1329 989 1390 constat
1011 1326 1097 1410 prin·
1116 1336 1134 1389 2

82 1414 204 1498 cipium
234 1434 273 1477 ex
302 1413 482 1478 meditullio
510 1434 580 1477 esse
610 1412 734 1478 factum
764 1414 861 1498 idque
890 1414 989 1478 etiam
1017 1436 1101 1481 nunc

82 1523 205 1567 nomen
228 1501 261 1564 in
288 1522 327 1566 ea
350 1502 429 1566 urbe
447 1502 588 1586 retineri,
613 1502 697 1586 quod
716 1501 939 1586 Mesopedium
959 1505 1100 1567 vocetur.

83 1589 218 1674 Coeptis
243 1593 351 1654 autem
375 1590 598 1655 molitionibus
623 1611 753 1675 surgere
775 1591 890 1654 visitur
913 1590 1009 1655 draco
1034 1591 1100 1673 qui·
1115 1612 1134 1652 rr

83 1681 157 1744 dem
184 1678 343 1742 terribilis
367 1679 591 1762 magnitudine
615 1702 653 1744 ae
676 1679 861 1761 maiestate,
885 1680 939 1762 qui
962 1679 1101 1761 plerum·

84 1789 144 1851 que
179 1767 313 1850 opifices
345 1768 549 1846 incursabat,
582 1790 682 1852 eoque
714 1767 919 1833 nonnihilum
951 1767 1102 1851 impediri

84 1877 183 1941 opera
217 1855 411 1921 videbantur
442 1878 509 1921 non
540 1856 646 1922 minus
679 1859 768 1920 metu
797 1855 971 1919 visentium
1004 1877 1101 1938 quam

83 1945 252 2029 religione.
300 1942 394 2021 Quod
423 1966 495 2009 cum
522 1945 557 2008 in
586 1966 679 2010 aures
707 1943 883 2009 Alexandri
910 1946 1101 2027 perventum

84 2034 179 2116 foret,
202 2032 294 2097 iubet
316 2033 500 2117 insequenti
524 2034 584 2099 sub
609 2033 672 2115 die,
696 2033 799 2097 sicubi
822 2032 906 2096 forte
930 2053 1021 2097 saera
1043 2032 1102 2096 illa
1115 2052 1134 2093 a

86 2123 181 2186 belua
214 2120 396 2206 videretur,
433 2143 544 2186 omnes
581 2121 722 2206 undique
759 2121 956 2186 confluentes
989 2142 1102 2187 necem

87 2211 220 2275 draconi
249 2210 368 2273 moliri.
420 2209 521 2294 quue
551 2211 678 2275 naviter
708 2210 829 2275 factum
862 2232 1101 2295 oppressusque

87 2321 122 2364 eo
145 2298 212 2363 loci
237 2301 287 2361 est
310 2297 418 2382 draco,
440 2299 497 2363 ubi
519 2320 605 2364 nunc
625 2297 737 2363 Stoam
759 2303 886 2365 vocant.
926 2298 971 2364 Et
995 2300 1102 2382 sepul-

88 2387 201 2451 chrum
221 2388 332 2450 tamen
352 2386 484 2451 draconi
509 2388 677 2472 consurgit
700 2409 797 2471 opere
821 2388 993 2452 admodum
1012 2388 1102 2453 labo·

87 2480 155 2541 rato
196 2478 229 2539 et
262 2474 380 2538 iuxtim
411 2473 594 2540 Alexander
628 2476 719 2541 iubet
754 2476 941 2542 coronarias
974 2498 1101 2561 quoque
1115 2497 1134 2538 a

86 2565 252 2647 opificines
284 2563 446 2648 adiacere,
475 2568 512 2629 ut
543 2563 628 2649 quod
657 2565 737 2629 haec
766 2565 873 2630 bestia
902 2565 1102 2630 famulitium

87 2652 249 2735 quoddam
272 2652 404 2736 templis
424 2656 589 2736 praestare
608 2652 778 2718 videbatur
801 2691 838 2701 -
860 2655 996 2718 daemon
1019 2655 1102 2719 euim

86 2741 200 2805 melior
221 2740 407 2822 appellatur
428 2777 478 2825 —,
496 2743 566 2825 ipse
591 2763 718 2826 quoque
739 2741 848 2808 divina
871 2742 1010 2827 quadam
1028 2742 1101 2808 reli·

86 2830 180 2912 gione
209 2831 379 2894 coleretur.
424 2830 533 2913 Atque
562 2852 634 2895 cum
662 2831 765 2895 multa
794 2832 861 2896 sint
884 2831 1101 2895 Alexandriae

175 3053 404 3124 aabligurisse?
489 3057 640 3112 4rescivit
665 3073 797 3126 uipereor.
822 3058 864 3111 eei
888 3055 1040 3123 consipivit
1064 3056 1100 3110 A.

85 3129 187 3182 arcad.
209 3127 284 3181 Mai.
358 3130 374 3179 8
393 3142 489 3182 versus
508 3143 576 3182 corr.
596 3145 629 3183 es
647 3143 741 3182 versos
760 3128 795 3182 A.

175 3196 227 3251 28.
249 3201 282 3249 14
300 3196 494 3266 Mesopedium
513 3199 717 3268 (Meooucdior)
736 3198 836 3265 scripsi
854 3199 964 3250 auctore
987 3194 1100 3249 Wacbe-

85 3270 191 3323 rraibio
211 3268 301 3336 (Mae.
322 3267 409 3322 liber.
429 3273 476 3337 42,
493 3286 522 3338 p.
537 3271 613 3339 465).
641 3266 846 3337 Mesonpondic
863 3267 909 3334 A,
927 3267 959 3319 ire
976 3267 1101 3336 marpirve

85 3356 171 3394 maru
190 3339 278 3392 meuc
296 3341 442 3394 recentiore
461 3341 585 3394 additum
605 3338 798 3407 μεσοποντίον.
837 3342 868 3390 17
889 3352 978 3405 eoque
991 3337 1099 3406 scripsi.

86 3410 203 3479 cinoque
231 3410 266 3463 A.
301 3410 415 3478 eiusque
441 3409 622 3464 interventu?
699 3415 733 3463 20
752 3409 831 3462 iubet
856 3407 928 3463 Mai.
960 3406 1042 3462 lubet
1065 3409 1101 3462 A.

84 3486 115 3534 23
136 3482 240 3536 Stoam
268 3481 327 3534 Mr.
361 3479 460 3534 Scoam
486 3481 522 3534 A.
608 3485 642 3534 27
663 3481 736 3533 enim
762 3479 869 3534 addidi.
955 3484 989 3533 29
1009 3480 1102 3549 Atque

84 3551 188 3606 Eberia
220 3548 298 3614 Quae
318 3554 353 3605 A.
390 3549 578 3606 Alexandriae
598 3551 672 3606 Mai.
698 3549 870 3607 Alexandria
887 3549 924 3604 A.
