2362 3938
349 160 639 218 andonnumcon
658 163 767 218 tinnit
784 165 831 219 ΙΙΙ.
879 196 882 201 -
1055 164 1096 230 61

77 307 109 371 ‘o
134 312 265 390 utinam,
290 309 436 389 Scythicis
460 318 610 370 struerem
633 329 703 372 cum
725 312 830 372 lunera
854 315 952 394 terris,

77 418 140 461 uox
164 398 238 458 mihi
261 399 401 458 mentitas
424 397 528 458 tulerit
551 397 691 459 Parnasia
714 407 820 480 sortes,
899 419 903 426 ·

78 489 197 567 agmine
222 487 259 546 de
282 493 366 547 tanto
390 487 506 547 socium
529 488 580 565 qni
603 489 749 548 maximus
772 491 862 549 armis

81 577 212 655 adforet,
235 574 315 635 hunc
338 573 419 636 louis
441 575 575 653 imperiis
598 575 718 655 latoque
742 579 840 636 teneri

80 671 150 725 ante
173 662 376 742 procellosum
399 661 530 742 scopulis
554 663 724 726 errantibus
747 683 867 743 aequor⁴

81 753 155 812 haec
178 759 245 812 tum
267 752 357 831 iama3
380 752 440 811 uiri
462 770 518 812 nec
542 754 653 812 certior
676 754 773 814 extitit
795 762 908 814 auctor.

80 857 190 901 uerum
213 841 291 918 dgite
315 847 357 919 et,
380 838 480 900 dubiis
503 842 621 900 uariant
644 842 714 919 qnia
736 849 857 920 pectora
881 844 971 925 curis,

82 927 230 989 consulite
254 936 297 1007 et,
320 930 409 988 motis
433 946 487 988 seu
509 945 565 988 uos
588 930 638 988 uia
660 928 779 990 llatihus
804 939 900 1011 urget,

82 1017 199 1096 pergite
222 1023 253 1077 et
275 1018 411 1096 inceptos
434 1033 552 1076 mecum
575 1023 715 1077 reuocate
738 1016 868 1098 labores,
1047 1031 1099 1079 625

82 1123 136 1165 seu
159 1104 256 1184 pluris
279 1103 407 1165 tolerare
429 1122 529 1164 moras
551 1122 718 1184 rursusque
740 1107 916 1186 propinquis

83 1194 269 1272 quaesirdsse
292 1194 383 1272 iugis,
405 1193 536 1271 pretium
559 1193 631 1254 haut
654 1193 720 1254 leue
744 1197 889 1274 temporis
914 1190 993 1257 acti?

81 1281 213 1361 dixerat3
237 1288 266 1340 at
289 1280 396 1342 studiis
419 1280 591 1342 iamdudum
614 1291 713 1344 erecta
736 1285 878 1344 iturentus

83 1376 149 1430 orat
172 1370 250 1429 inire
274 1371 352 1450 uias3
375 1387 469 1430 ornum
492 1376 574 1430 tanto
597 1371 679 1432 aiore
702 1381 799 1452 coetu,

83 1475 140 1518 neo
163 1459 264 1517 minus
286 1449 317 1517 in
341 1475 408 1518 sese
431 1459 550 1538 generis
573 1458 751 1537 dextrasque
774 1467 914 1538 potentes

83 1563 151 1605 esse
176 1546 287 1606 ierunt.
332 1545 385 1607 tali
408 1554 540 1607 mentem
561 1565 632 1626 pars
654 1548 779 1607 maxima
802 1546 872 1607 flatu

80 1635 172 1713 erigit
195 1641 226 1694 ct
247 1651 323 1694 uana
346 1633 475 1713 gliscunt
497 1634 670 1713 praecordia
692 1634 804 1714 lingna:

81 1720 209 1783 saltibus
232 1729 267 1783 ut
288 1721 395 1782 mediis
418 1729 483 1783 tum
505 1723 626 1783 demum
648 1722 724 1784 laeta
746 1721 866 1784 reducit

81 1828 175 1872 cerua
198 1828 332 1891 gregem,
355 1818 420 1872 tum
442 1813 532 1890 gestit
555 1829 626 1891 aper
649 1810 812 1891 reboatque
835 1808 973 1890 superbis

81 1901 253 1960 comminus
275 1917 346 1959 ursa
369 1899 459 1981 lupis,
483 1918 552 1960 cum
575 1906 641 1960 se‘se
664 1900 769 1961 Martia
791 1901 878 1979 tigris
1048 1910 1101 1960 635

82 1984 208 2047 abstulit
231 1995 282 2048 aut
304 2006 400 2048 curuo
421 1990 531 2048 tacitus
554 1987 601 2048 leo
625 1988 758 2048 condidit
780 1996 875 2049 antro.

82 2084 114 2135 at
136 2076 206 2154 pius
229 2077 343 2155 ingenti
366 2075 507 2136 Telamon
530 2079 589 2136 iam
611 2076 735 2137 fluctuat
757 2079 801 2136 ira

83 2181 156 2223 cum
179 2163 314 2244 fremitu,
336 2166 493 2244 saeuisque
517 2182 622 2224 serens
644 2166 703 2224 iam
725 2167 821 2244 iurgia
844 2164 932 2227 dicus

83 2253 256 2331 insequitur
279 2270 445 2331 magnoque
468 2251 597 2335 ipplorat
620 2255 742 2313 numina
759 2259 882 2331 questu.

83 2338 167 2399 idem
190 2357 278 2400 orans
300 2348 481 2420 prensatque
504 2342 588 2401 uiros
607 2340 794 2419 demissaque
817 2340 942 2419 supplex
1049 2351 1102 2400 640

84 2425 192 2487 haeret
212 2427 249 2486 ad
273 2446 325 2488 ora
347 2428 446 2509 ducis,
469 2428 511 2490 nil
534 2447 566 2488 se
590 2447 681 2508 snper
703 2427 832 2489 Hercule
855 2429 920 2510 lari,

85 2513 142 2575 sed
165 2517 247 2577 socio
271 2534 473 2599 quocumque,
495 2518 572 2578 ierat
596 2535 774 2596 quamquam
797 2535 900 2598 aspera
924 2519 1000 2578 lama

83 2604 147 2664 iam
169 2603 234 2665 loco
254 2605 373 2684 iamque
395 2605 474 2666 ieras
497 2624 552 2685 per
574 2605 699 2666 barbara
721 2606 808 2667 litora
831 2614 944 2688 gentes,

85 2709 149 2754 non
172 2692 263 2753 alium
285 2699 390 2753 contra
414 2693 550 2774 Alciden,
574 2713 634 2755 non
656 2703 779 2774 pectora
801 2703 883 2756 tanta

84 2798 176 2863 posse
200 2780 272 2842 dari.
317 2799 440 2842 rursum
461 2782 625 2843 instimulat
648 2782 789 2862 ducitque
813 2783 948 2844 fauentes
1049 2792 1102 2842 ets

84 2870 293 2948 magnanimus
317 2869 465 2949 Calydone
487 2879 582 2953 satus,
605 2889 660 2950 pro
686 2870 820 2932 moribus
842 2870 890 2930 ille

84 2956 238 3019 deteriora
260 2958 368 3019 fouens
391 2976 569 3038 semperque
592 2961 713 3019 inuersa
736 2959 814 3019 tueri

85 3044 185 3106 donus
206 3053 239 3106 et
261 3045 341 3107 haud
364 3045 433 3107 ullis
455 3060 597 3126 nmquam
620 3044 796 3125 superahilis
819 3048 921 3122 aequis

82 3141 280 3195 rectorumue
303 3144 426 3197 memor.
472 3131 544 3196 ‘non
567 3129 716 3195 Herculis’
739 3134 836 3212 inquit
860 3128 1010 3211 ‘adempti

83 3220 142 3282 sed
163 3229 235 3284 tuus
258 3224 290 3283 ln
313 3241 398 3284 seros
420 3223 493 3284 haec
517 3230 619 3283 nostra
642 3221 760 3282 silentia
783 3228 908 3300 questus
1051 3231 1103 3279 650

84 3311 179 3371 traxit
200 3310 311 3392 honor,
334 3311 406 3372 dum
427 3314 493 3372 iura
516 3311 616 3394 dares,
639 3310 711 3371 dum
733 3318 866 3388 tempora
890 3308 978 3368 fandi.

84 3400 236 3479 septimus
258 3398 307 3460 hic
330 3397 418 3460 celsis
437 3398 591 3460 descendit
614 3398 764 3460 montibus
786 3405 887 3458 auster

83 3489 208 3568 lamque
231 3496 327 3549 ratem
350 3487 497 3568 Scythicis
519 3487 621 3547 forsan
644 3488 798 3548 statuisset
820 3488 851 3546 in
875 3488 949 3565 oris,
