2362 3938
421 193 541 251 ouius
559 192 783 252 danninum.
1063 195 1107 261 53

89 355 204 423 Pellae
235 377 275 422 ac
304 353 515 422 Macedoniae
545 378 674 423 secessu
703 357 872 425 audaciam
903 361 994 425 tuam
1022 357 1109 425 iuter

90 445 261 531 proximos
292 445 483 511 iactitaras?
540 443 717 513 Enimvero
748 468 888 533 usurpas
919 449 954 512 et
983 447 1109 533 regium

90 556 212 602 nomen
252 537 286 600 et
327 536 525 619 congregata
566 533 629 599 tibi
666 535 708 601 ad
744 534 934 602 souatatem
976 535 1109 601 sceleris

90 623 248 708 parilium
285 623 527 707 conspiratione
560 622 691 689 hesim
726 627 760 689 te
794 623 901 690 nostri
958 623 1109 705 rofiteris,

91 712 145 778 oui
167 732 268 797 quam
290 711 388 796 longe
411 713 631 796 praestantius
654 711 740 779 foret
766 712 800 779 id
822 712 909 779 iuter
930 644 1142 777 draccum

90 801 255 882 iactitare,
277 820 359 885 quos
379 797 521 865 Graecos
538 799 607 866 fere
624 805 663 866 ut
680 801 813 867 inutiles
830 822 890 867 uec
907 798 1108 867 necessarios

89 888 267 955 Persarum
290 909 393 974 regna
415 908 482 953 non
504 893 673 973 quaeruut.
718 888 778 956 Sat
803 889 907 976 igitur
927 888 1035 954 habeo
1056 888 1110 955 iel

89 979 155 1045 hoc
177 981 307 1043 tautum
330 977 726 1064 imprudentiaesignum,
748 978 834 1064 quod
856 981 949 1045 ratus
971 998 1034 1043 nos
1055 998 1109 1044 ie-

91 1067 253 1133 stratibus
281 1067 404 1132 similes
432 1066 496 1132 huc
525 1066 730 1134 contendisti.
780 1066 866 1145 Quin
895 1086 974 1154 ergo
1001 1069 1110 1133 errata

90 1156 220 1242 corrige
238 1176 297 1220 nec
316 1154 416 1221 addas
433 1154 621 1221 huiusmodi
637 1155 838 1224 facinoribus
863 1156 1109 1224 incrementum.
1123 1174 1150 1215 io

90 1245 155 1311 Est
174 1245 261 1308 enim
278 1245 444 1329 seirenes,
462 1243 581 1329 quibus
596 1244 729 1311 deorum
743 1246 867 1329 pariter
885 1250 919 1312 et
935 1244 1110 1332 prudentia

91 1340 125 1400 et
144 1332 290 1418 dignitas
309 1332 409 1417 favet,
430 1331 573 1417 peccatis
595 1333 668 1398 istis
686 1337 725 1399 ut
740 1333 910 1400 hominum
929 1332 1110 1401 subvenire.

91 1421 218 1489 Censeo
238 1421 349 1505 igitur,
366 1425 405 1487 ut
425 1421 624 1488 adoraudum
646 1443 699 1488 mc
716 1423 838 1509 venias,
860 1444 902 1488 iie
924 1426 1040 1489 oonba
1060 1422 1109 1489 iu·

92 1513 277 1594 obsequens
300 1532 438 1595 poenam
460 1531 522 1594 pro
545 1511 640 1576 rania
663 1511 827 1578 merearis.
871 1509 965 1588 Quod
986 1513 1025 1575 ut
1046 1509 1110 1575 tibi

91 1603 201 1664 ratum
226 1599 283 1682 sit,
310 1598 421 1664 Iovem
449 1599 520 1665 iuro
548 1603 583 1664 et
608 1603 761 1684 parentes
788 1620 878 1666 meos
905 1619 1036 1665 omnem
1057 1598 1150 1665 tuiis

91 1689 246 1753 iniuriam
268 1688 417 1772 protinus
441 1709 458 1752 e
482 1708 555 1753 meo
578 1691 709 1773 pectore
732 1685 954 1754 recessuram?

183 1774 243 1843 43.
289 1776 335 1841 Et
366 1775 446 1841 haec
483 1775 613 1861 quidem
649 1777 771 1861 scripta
804 1776 893 1862 regis
924 1773 1180 1841 marmium

92 1867 227 1952 legerat.
273 1864 370 1935 Enim
392 1864 528 1930 ulterius
555 1885 622 1931 nou
644 1864 768 1948 verbis,
796 1862 852 1930 sed
874 1862 984 1949 gladio
1009 1883 1108 1948 agen·
1126 1853 1175 1908 52.

96 1955 173 2020 dam
200 1975 270 2018 rein
296 1956 388 2018 ratus
418 1975 478 2038 par
500 1952 659 2019 Arabiam
687 1951 863 2020 exercitum
891 1951 980 2018 duait
1012 1955 1109 2036 atque

93 2043 128 2107 iu
152 2064 307 2128 aequore,
334 2041 421 2127 quod
449 2042 593 2128 agendae
620 2041 669 2106 rei
691 2040 906 2127 opportunius
929 2040 1151 2124 videbatur,ro

94 2132 198 2196 aciem
227 2131 380 2196 extendit.
430 2130 501 2208 Qua
528 2131 677 2215 inspecta
702 2128 824 2196 Darius
851 2151 944 2215 spem
970 2129 1110 2215 primam

94 2241 230 2305 eamque
252 2219 304 2284 rel
327 2219 500 2286 maximam
528 2220 563 2285 iu
586 2219 718 2285 falcatis
745 2220 891 2285 curribus
918 2218 1027 2304 ponit,
1053 2219 1112 2304 qui

92 2314 129 2374 ut
156 2308 286 2373 facilius
315 2308 419 2373 aciem
447 2307 594 2373 hostium
615 2309 832 2390 incursarent,
859 2330 880 2373 a
905 2309 1008 2374 latere
1034 2328 1110 2373 con-

93 2398 253 2463 locantur.
303 2394 366 2462 Sed
394 2396 428 2461 id
458 2395 630 2461 consilium
659 2396 778 2463 Persae
798 2396 900 2464 disici
926 2395 1110 2463 Alexander

93 2485 223 2551 facilius
247 2486 400 2570 opinatus
417 2484 657 2551 incurrentibus
675 2486 824 2552 curribus
845 2506 904 2572 per
927 2485 1013 2552 acies
1028 2484 1110 2571 pha·
1123 2502 1151 2546 ia

93 2577 275 2660 largasque
302 2574 412 2640 locum
433 2573 591 2640 transitui
612 2573 713 2658 pandi
734 2574 895 2660 praedicit
915 2575 1050 2658 tumque
1075 2573 1111 2640 in

185 2717 332 2767 lseoessu
350 2717 378 2768 Τ.
411 2728 489 2767 sessu
506 2711 542 2767 A
575 2727 650 2767 esses
668 2711 694 2768 si
711 2712 744 2769 Ρ.
817 2718 972 2784 2usurpai
995 2714 1026 2768 st
1041 2710 1110 2768 Μ’.

92 2798 245 2853 usurpasse
255 2783 291 2837 Α.
303 2784 358 2850 (sae
372 2783 404 2838 aba
418 2783 531 2865 isiaca
561 2786 581 2837 4
598 2782 727 2867 palilium
738 2784 775 2868 A:
794 2781 1032 2866 conspirationem
1041 2780 1110 2839 21².

93 2861 109 2935 b
123 2855 317 2936 praestantius
326 2859 366 2935 τ..
375 2853 551 2936 praestantia
559 2853 636 2910 ΔΡ.
648 2914 651 2919 ,
674 2859 690 2910 6
704 2854 820 2938 mutiles
830 2870 882 2910 uec
890 2868 1065 2937 necessarios
1075 2852 1109 2908 P.

92 2925 209 3051 ffia
224 2923 594 3064 lsbttlttaltll
611 2930 1110 3065 ltltubtlftltt‘li

93 3066 174 3122 nobis
192 3066 264 3120 uP.
303 3071 336 3147 12
354 3063 480 3148 istius13
501 3071 553 3148 ⁸18
570 3065 659 3138 igitur
675 3066 800 3121 uaA.P.
827 3064 903 3121 anim
916 3070 944 3119 ἲ.
981 3062 1109 3119 nest

93 3143 187 3192 neor.
226 3137 336 3260 ¹lltltur
349 3135 428 3191 A.P.
455 3136 511 3191 tibi
523 3143 551 3194 τ.
605 3142 786 3193 locoru.
821 3131 1109 3203 meinamma.

93 3224 232 3332 mvelt&
248 3222 546 3332 vilibcdlldludddniider
563 3277 598 3332 P.
635 3282 671 3334 2ο
689 3276 765 3346 quod
908 3273 1054 3356 ·V.⁹¹.‘l.¹¹⁰
1071 3272 1109 3329 Δ.

93 3355 127 3403 22
146 3364 267 3416 samque
281 3348 318 3402 A.
326 3349 362 3402 P.
385 3363 505 3417 meaque
519 3353 548 3405 2.
602 3353 637 3403 28
656 3347 778 3403 collocat
817 3387 824 3401 .
873 3350 910 3400 24
928 3343 1024 3398 dissici
1037 3342 1100 3399 M

93 3419 205 3474 dissicit
219 3420 253 3474 P.
304 3423 340 3501 26
359 3418 490 3488 opinatus
505 3424 544 3501 1..
565 3418 728 3488 inopinatas
741 3417 820 3501 Alf.
872 3420 907 3471 26
925 3415 1021 3498 locum
1033 3414 1100 3473 ss

93 3491 156 3546 loco
175 3496 203 3544 1.
216 3490 318 3615 apii&
337 3489 413 3545 A.P.
445 3488 546 3559 prendi
563 3504 632 3545 corr.
651 3504 685 3544 aa
702 3487 805 3559 prandi
822 3493 850 3542 τ.
881 3484 1023 3557 praedicit
1038 3484 1100 3545 M

92 3577 225 3631 praecepi
284 3601 290 3616 .
