2362 3938
84 192 160 265 xxd
479 162 688 263 ruinrirro

79 359 245 419 defendunt
271 359 345 419 locis
375 358 480 434 qualia
506 362 577 418 5555
603 357 738 434 Vergilii
765 359 850 421 Aen.
882 364 948 423 VH
976 363 1087 439 98ς211

80 453 111 508 55
134 448 193 507 XII
217 450 290 508 858.
1090 472 1093 481 ·

68 558 71 563 ·
170 538 234 596 528
260 557 323 612 sqq.
351 537 489 610 adfremit
517 536 562 595 his
589 540 767 609 5555555555
794 545 893 613 capul
925 544 990 616 qul,
1009 530 1094 600 uuum'

80 629 154 688 dono
187 627 350 699 bellipotens
379 626 435 683 5155
462 626 525 695 fine
552 625 631 682 555155
656 628 857 699 monteque
885 634 995 689 555555
1014 628 1086 688 Pala

81 735 142 791 eqs.
188 733 301 789 magun
327 713 376 770 hio
404 713 485 771 inter
514 712 617 771 doulos
650 712 799 772 dissensio
829 719 882 775 555
910 719 1019 776 utrum
1040 716 1085 775 ed·

81 822 120 862 en
147 804 217 877 5555
252 794 485 876 ‘temptataque'
521 801 561 886 555
596 800 889 877 interpungendum
942 824 1016 865 nam
1042 820 1083 864 orn

81 893 142 950 inm
174 890 269 949 multo
303 908 340 947 ex
368 891 505 965 tempore
527 889 610 948 11555
641 889 759 948 5511555
790 891 852 950 sibi
884 891 949 952 fixa
976 891 1082 959 nidisel

81 979 210 1037 addatur
248 980 368 1051 5555555
406 977 437 1035 id
470 977 551 1052 quod
581 979 648 1035 lum
679 977 723 1036 eis
756 977 825 1037 fieri
858 980 952 1041 uidit.
1004 976 1081 1041 sedi

83 1065 188 1125 eoribis
210 1058 293 1122 ·‘sibi
324 1065 383 1122 fixa
416 1065 501 1124 uidet
537 1067 759 1142 demptamque,
796 1063 919 1127 eontra'
957 1066 1080 1146 55555511

81 1145 161 1226 ‘que'
176 1152 265 1226 plone
280 1152 426 1209 abundat.
455 1171 552 1229 neque
566 1153 597 1212 id
612 1153 703 1212 simili
712 1153 832 1213 Vulerii
845 1156 916 1216 loeo
936 1157 1080 1217 defenditur

78 1240 150 1297 ullo.
200 1239 307 1313 quouis
349 1240 479 1315 pignore
521 1241 725 1301 contenderim
766 1261 785 1300 5
818 1243 947 1305 Valerio
987 1246 1080 1305 555555

81 1322 150 1385 ‘sibi
177 1326 236 1384 fixa
264 1325 349 1384 uidet
372 1331 504 1404 5555555,
528 1333 654 1407 nonque
678 1323 804 1389 eontrn'.
852 1332 893 1392 de
916 1353 992 1394 uooe
1015 1320 1081 1391 ‘aon’

80 1416 116 1474 of.
140 1434 184 1474 ex.
208 1434 254 1492 gr.
277 1415 363 1475 Mero
390 1413 478 1491 [Aen.
502 1418 530 1474 X
554 1415 610 1493 63]
634 1422 667 1477 55
688 1418 756 1476 Vol.
779 1419 812 1477 H
836 1421 912 1481 247.
1025 1476 1028 1480 A

169 1505 232 1563 535
257 1522 323 1564 owm
344 1505 431 1564 Pius:
455 1524 508 1564 our
530 1507 567 1565 V.

170 1595 234 1653 549
258 1597 320 1653 lam
341 1593 466 1652 Aldine:
489 1613 560 1654 nom
582 1595 618 1653 V.

170 1684 233 1741 551
258 1685 368 1743 damno
385 1683 510 1741 Aldina:
534 1685 611 1742 dono
633 1683 670 1740 V0
691 1683 771 1760 quod
794 1685 847 1759 qui
871 1684 1030 1763 εἰρωνικῶς
1044 1677 1078 1764 (d

80 1772 172 1846 Verg.
195 1770 271 1830 Aen.
299 1772 326 1829 X
355 1764 435 1851 881)
463 1771 577 1829 dietum
605 1774 726 1846 555555,
753 1773 927 1849 neglegunt
953 1771 1080 1852 5555515

82 1853 225 1936 ‘gemitus
247 1861 369 1936 irasque
392 1852 494 1935 pares'
516 1859 548 1917 id
570 1860 653 1918 nullo
675 1859 764 1919 modo
786 1859 855 1919 fieri
877 1883 979 1938 posse.

170 1949 232 2007 552
257 1948 362 2006 malim
385 1942 470 2024 ‘quot
493 1948 533 2006 ad
556 1948 678 2006 Troiam
706 1951 822 2008 5555555
850 1950 983 2013 hiberno
1003 1952 1081 2028 Myo

80 2030 161 2111 nos'3
185 2040 265 2094 55555
287 2036 437 2096 traditum
459 2029 588 2096 ‘flentes'
613 2036 774 2095 admodum
796 2037 910 2097 mirum
934 2043 991 2101 555.

169 2126 233 2183 554
257 2129 290 2182 ul
312 2124 468 2183 Heinsius:
493 2129 519 2183 55
539 2125 575 2182 V.

169 2213 233 2270 563
261 2212 376 2271 5555555
403 2212 513 2286 reliqui
542 2232 618 2289 quae
645 2213 761 2272 tradita
784 2216 855 2272 5555
885 2208 945 2275 ‘me
970 2218 1086 2293 primun

79 2298 165 2373 regia
192 2298 303 2358 mundo
332 2331 375 2340 -
403 2294 569 2375 imposuit'.
618 2319 690 2360 nem
715 2321 813 2377 neque
843 2322 922 2378 quoe
953 2306 1007 2364 5155
1033 2319 1086 2363 oon

79 2387 213 2444 iecerunt
235 2404 332 2461 neque
347 2387 428 2462 quod
451 2388 515 2462 5555
539 2388 611 2446 olim
629 2391 781 2466 55555555,
805 2390 844 2448 ad
858 2393 1089 2465 persuadendum

81 2475 152 2532 sunt
175 2476 255 2548 5555.
358 2514 360 2519 -

168 2562 231 2619 537
257 2562 361 2619 malim
384 2556 535 2622 ‘emensus
558 2559 678 2624 terras'.

168 2649 229 2707 581
255 2650 371 2708 lotidem
397 2650 521 2709 Aldine:
549 2655 650 2712 5555555
673 2654 709 2712 V.
732 2657 894 2731 postquam
923 2657 956 2714 in
980 2645 1090 2716 ‘solido’

79 2736 199 2813 syllaba
226 2738 333 2796 ultima
361 2741 431 2798 5555
460 2733 614 2799 ‘demissa'
647 2742 815 2817 intercidit,
847 2743 992 2804 mutilum
1022 2740 1091 2803 illud

80 2817 162 2885 ‘loti'
185 2844 287 2886 555555
308 2826 446 2886 Μ555555
468 2831 671 2890 correxerunt.
784 2885 786 2888 ⁴

169 2916 233 2975 582
264 2935 306 2992 sq.
334 2934 387 2976 555
414 2919 546 2991 scopulos
572 2924 624 2978 555
650 2925 739 2980 andra
765 2921 862 2978 minor
890 2921 975 2979 55555
1004 2921 1093 2980 altero

80 3007 174 3065 151155
186 3008 329 3076 coruinum
351 3007 435 3066 511555
457 3004 590 3067 Acamas
616 3009 728 3069 1555551
748 3008 900 3081 mnusque
921 3008 1093 3083 Pyramo

79 3095 195 3154 nullom
216 3095 311 3154 fuisse
339 3096 468 3154 51555555
500 3097 533 3154 in
558 3097 670 3154 uieinio
696 3099 810 3154 terrum
836 3096 997 3174 minorem,
1025 3092 1093 3174 quid

79 3185 219 3242 noslrum
244 3185 373 3242 interest
402 3183 498 3243 seire?
527 3186 717 3258 5555555555
748 3183 812 3240 fere
840 3200 859 3238 5
888 3184 1014 3244 Valerio
1048 3203 1092 3243 ex·

79 3271 225 3345 positum,
259 3290 320 3330 non
347 3290 440 3346 aeque
468 3271 667 3346 periculosam
694 3270 789 3328 fiiisse
817 3268 947 3330 alteram
973 3277 1095 3332 terram.

77 3355 146 3428 lege
176 3352 288 3416 ‘minax
314 3352 424 3433 iuxla'3
458 3358 494 3416 of.
526 3359 611 3416 Mero
645 3352 732 3430 [Aen.
760 3356 776 3413 Ι
806 3353 882 3430 162]
909 3351 1093 3437 ‘geminique

77 3441 231 3500 minantur
258 3447 290 3501 in
317 3447 434 3504 eaelum
458 3437 593 3520 seopuli'.
639 3442 693 3502 sed
715 3443 752 3500 de
776 3444 969 3518 scopulorum
991 3449 1096 3508 immn-

77 3525 173 3585 555555
196 3531 257 3588 iem
281 3532 356 3590 dixit
378 3536 469 3609 55555
496 3552 546 3590 55.
569 3531 758 3606 ors—5813
786 3533 884 3591 restet
905 3535 940 3590 55
964 3554 1097 3610 quonam
