2362 3938
130 197 195 270 100
467 192 497 249 O.
515 192 655 249 vanum
671 193 803 250 adacei

128 348 179 405 uix
203 341 324 403 tandem
346 342 443 420 longis
467 342 630 420 quaesitam
654 341 794 402 Colchida
817 345 896 404 uotis
1088 354 1129 406 555

129 433 322 511 contigimuS,
346 431 523 510 qualemque
547 429 635 490 dabat
658 436 687 489 te
711 429 788 490 fama
811 430 958 495 uidemus.

129 529 163 582 tu
186 519 274 581 modo
298 538 336 579 ne
360 518 456 580 claros
479 518 584 597 Minyis
607 517 753 578 inuideris
777 525 869 579 actus.

129 628 190 670 non
214 608 309 669 aliena
331 615 401 687 peto
425 604 554 667 terrisue
577 605 710 667 indebita
732 609 857 687 nostris3

131 700 226 777 siquis
250 704 280 756 et
303 697 334 756 in
358 694 497 774 precibus
520 713 594 755 uero
617 695 715 776 locus,
738 713 808 754 ecce
833 715 867 756 ea
890 696 1001 758 Phrixo

131 786 220 847 crede
244 785 320 865 dari,
343 783 486 844 Phrixum
510 783 544 843 ad
568 785 682 862 patrios
706 802 740 844 ea
763 784 843 844 15555
866 794 999 863 penates.
1094 797 1136 848 tto

130 892 255 935 munera
278 880 311 932 tu
335 879 439 933 contra
462 874 577 933 uictum
600 872 671 931 mihi
695 880 783 932 uecta
805 891 861 951 per
883 891 997 954 aequor

131 966 231 1042 accipe
255 961 392 1021 Taenarii
415 960 598 1040 chlamydem
621 960 657 1021 de
681 962 824 1039 sanguine
849 964 916 1022 aeni

130 1051 273 1129 frenaque
298 1057 328 1109 et
351 1067 510 1109 accensum
532 1051 657 1126 gemmis
679 1048 862 1127 fulgentibus
885 1069 1002 1113 ensem:

130 1139 188 1198 hoc
211 1139 341 1216 patrium
364 1136 469 1217 decus,
493 1136 565 1197 haec
589 1138 716 1197 materni
739 1144 819 1198 texta
841 1137 962 1221 laboris,

130 1226 177 1286 his
200 1223 340 1303 Lapithes
364 1224 502 1284 adsuerat
525 1242 625 1302 eques.
672 1224 709 1285 da
731 1228 855 1304 iungere
879 1226 966 1308 dona,
1098 1240 1142 1290 515

131 1314 167 1374 da
191 1311 343 1391 Scythicas
366 1314 480 1372 sociare
504 1311 620 1372 domos:
644 1316 718 1374 sciat
741 1315 831 1375 ellera
854 1317 934 1393 regis

131 1405 176 1464 ira
198 1403 270 1482 mei,
294 1419 383 1479 quem
406 1407 435 1460 te
458 1400 607 1461 horrifero
631 1404 755 1462 sortitus
777 1405 809 1462 in
832 1421 885 1462 axe

132 1491 281 1552 Caucasus
305 1490 400 1568 adque
423 1492 483 1550 tuis
507 1497 651 1569 quantum
674 1493 810 1551 mitescat
832 1488 979 1553 habenis'

177 1580 297 1640 Talibus
320 1585 455 1639 orantem
477 1578 564 1639 uultu
586 1580 686 1657 grauis
709 1579 758 1639 ille
782 1581 890 1639 minaci

132 1668 304 1730 iamdudum
327 1670 437 1746 premit
455 1674 485 1728 et
509 1668 594 1728 iuriis
616 1669 743 1745 ignescit
761 1670 881 1746 opertis.
1100 1682 1147 1732 oto

133 1776 189 1817 ceu
212 1764 314 1817 tumet
331 1756 426 1834 adque
450 1759 510 1815 imo
533 1754 589 1815 suh
612 1757 729 1833 gurgite
753 1758 883 1834 concipit
907 1764 1027 1819 austros

129 1840 212 1905 'unda
235 1844 338 1924 silens,
362 1845 452 1904 trahit
475 1863 512 1903 ex
535 1844 593 1904 alto
618 1845 660 1903 sic
684 1843 829 1904 barbarus
852 1847 921 1925 iras,

134 1942 164 1994 et
186 1951 266 1994 nunc
289 1951 360 1993 ausa
382 1935 456 2012 uiri,
480 1952 560 1993 nunc
583 1931 655 1992 heul
679 1951 733 1992 sua
754 1932 872 2011 prodita
896 1933 982 1994 Grais
1098 1975 1100 1979 «

134 2041 226 2101 regna
249 2022 362 2102 fremit,
386 2023 458 2099 quin
481 2028 512 2081 et
534 2019 613 2081 sacili
636 2019 692 2081 sihi
715 2027 814 2081 mente
838 2029 996 2100 receptum

133 2113 192 2171 iam
214 2110 358 2170 Phrixum
381 2108 461 2169 dolet
484 2116 515 2169 et
538 2109 674 2189 Scythiae
698 2111 823 2188 periisse
846 2112 980 2171 timores.
1101 2122 1149 2174 525

135 2217 215 2260 nunc
239 2205 359 2277 quassat
383 2205 471 2276 caput
494 2216 527 2257 ac
550 2200 669 2258 iuuenis
693 2216 761 2277 spes
785 2197 863 2258 ridet
884 2200 1000 2281 inanes,

136 2287 207 2365 quid
230 2305 360 2347 uesanus
384 2293 463 2367 agat,
486 2285 565 2364 quod
585 2286 697 2346 uellera
718 2293 823 2365 poscat
845 2286 881 2346 ah
905 2305 1011 2366 angue.

135 2378 198 2435 urit
222 2382 252 2435 55
275 2377 413 2453 antiquae
437 2393 601 2435 memorem
623 2393 682 2434 uox
704 2377 839 2454 praescia
862 2377 961 2458 sortis,

136 2481 190 2522 cur
214 2463 302 2522 simul
325 2470 377 2521 aut
398 2461 511 2522 Persen
534 2462 615 2522 illinc
640 2462 696 2522 sibi
719 2465 848 2524 mouerit
870 2470 922 2524 aut
944 2463 1016 2526 hinc

135 2550 335 2610 Thessalicam
358 2549 490 2610 Fortuna
512 2557 620 2630 ratem5
644 2569 716 2610 num
739 2551 858 2612 debitus
880 2555 938 2614 ista
1102 2567 1151 2618 535

134 2639 202 2698 sinis
226 2644 292 2716 agat
315 2655 480 2716 saeuaeque
504 2645 608 2716 petant
631 2640 690 2698 iam
713 2639 825 2700 uellera
848 2640 967 2701 Parcae.

134 2729 249 2788 interea
272 2728 411 2806 qnoniam
434 2725 504 2786 helli
526 2744 702 2805 pugnaeque
725 2732 910 2808 propinquae

99 2893 102 2898 ,
137 2835 209 2877 cura
230 2818 327 2896 prior,
350 2815 433 2893 fingit
455 2815 579 2894 placidis
602 2816 665 2875 fera
687 2825 810 2894 pectora
833 2818 920 2878 dictis

136 2905 234 2966 reddit
256 2914 287 2965 et
308 2904 395 2964 haec:
419 2900 572 2984 ‘eriperem
594 2905 666 2965 haut
688 2905 740 2965 tali
762 2925 817 2966 uos
840 2913 975 2986 tempore
998 2911 1087 2969 tectis

136 2994 293 3055 aduenisse
317 2995 405 3074 meis,
429 3012 487 3073 quo
512 3013 558 3054 me
582 2996 682 3073 granis
706 2993 820 3055 adsidet
842 2995 946 3056 hostis.
1102 2989 1152 3059 535

137 3082 229 3143 155555
252 3085 332 3142 enim
356 3076 482 3165 (sceptri
506 3086 548 3143 sio
571 3083 709 3143 omnihus
731 3101 791 3143 una
814 3077 937 3166 cupido)

136 3171 285 3231 excidium
307 3178 394 3249 parat
417 3180 447 3231 et
470 3175 576 3231 castris
600 3191 646 3232 me
670 3172 841 3250 ingentibus
865 3181 960 3253 urget.

137 3276 229 3334 quare
253 3276 306 3337 age
330 3267 469 3339 cognatas
491 3262 622 3339 primum
645 3260 794 3322 defendite
818 3262 912 3344 sedes,

136 3362 194 3405 nec
217 3347 309 3407 decus
332 3348 422 3408 oblati
445 3347 594 3408 dimiseris
618 3349 732 3409 aduena
754 3349 836 3428 helli;

137 3449 264 3511 namque
284 3437 384 3496 uirum
402 3435 492 3497 trahit
515 3439 578 3515 ipse
594 3436 720 3517 chalybs.
756 3443 820 3495 tum
843 3435 955 3496 uellera
978 3442 1078 3501 uictor
1102 3453 1154 3503 oto

137 3527 197 3581 tam
219 3524 347 3605 meritis,
371 3543 426 3585 nec
450 3524 512 3584 sola
534 3520 631 3585 daho.⁹
677 3529 780 3586 contra
802 3523 914 3582 inscius
941 3533 1023 3588 astus
