2376 3938
91 176 158 241 220
212 174 393 231 EPISTOLA
411 172 628 231 stannum
645 172 696 227 AD
714 170 980 228 ARISTOTELEM.

92 338 224 403 senibus
243 338 376 423 optimis
397 339 588 422 accepimus,
612 337 667 422 qui
688 359 750 403 nos
774 340 861 400 recte
883 336 1037 402 ducentes
1060 338 1109 402 ire

91 448 151 510 per
169 423 304 510 Caspias
324 429 435 512 portas
455 427 495 491 ad
513 425 633 490 Porum
653 427 687 490 in
703 424 885 490 Phasiacen
903 424 1111 490 inducebant.

91 513 168 581 Non
191 514 309 581 auditis
334 517 386 580 his
410 536 537 598 semper
554 514 663 579 dolum
686 514 890 597 suspicantes
910 514 1007 579 flatus
1022 510 1111 580 Euri

92 604 182 669 venti
204 604 307 669 secuti
328 603 499 669 incidimus
523 603 557 666 in
581 606 730 667 externas
753 603 850 666 feras.
896 601 945 666 Dc
969 624 1109 687 quarum

66 716 80 758 a
95 692 254 776 capitibus
268 693 357 757 velut
372 693 473 776 gladii
493 691 649 756 avertice
668 692 756 756 acuti
776 695 901 756 serrata
920 692 1111 757 eminebant

94 802 182 865 ossa;
210 803 292 866 quae
320 803 409 846 more
434 781 570 845 arietino
598 780 632 843 in
655 780 806 845 adversos
830 779 978 844 homines
1003 781 1110 845 incur·

93 874 179 936 runt.
216 869 307 934 Tunc
325 870 464 935 invictae
482 869 570 933 ferae
589 869 803 952 plurimorum
823 869 965 934 militum
985 869 1110 952 clipeos

95 980 195 1024 cornu
218 980 277 1024 suo
300 958 620 1023 transverberabant.
666 955 790 1034 Quibus
815 977 893 1040 ergo
917 957 1032 1023 occisis
1057 959 1112 1023 ad·

95 1047 226 1111 modum
255 1049 327 1111 octo
353 1047 484 1110 milibus
508 1046 753 1130 quadringentis
782 1045 1036 1130 quinquaginta,
1065 1047 1113 1112 sic

55 1158 82 1199 ro
96 1134 210 1198 deinde
234 1135 392 1198 exercitus
411 1156 502 1198 meus
526 1134 566 1199 ad
586 1133 705 1200 Porum
729 1155 803 1199 cum
827 1155 953 1198 summo
976 1135 1113 1199 tandem

94 1222 207 1286 labore
231 1243 268 1286 ac
291 1221 435 1305 periculo
459 1227 611 1307 metuque
635 1223 777 1288 militum
796 1223 952 1306 pervenit.
993 1222 1112 1308 Ibique

94 1310 205 1395 legato
238 1331 310 1374 meo
340 1313 505 1394 praecepi,
537 1333 632 1396 quem
663 1311 827 1394 praesidio
857 1333 1113 1396 praeposueram

94 1398 225 1463 nomine
256 1399 455 1483 Alticonem,
485 1404 523 1464 ut
551 1405 687 1483 poneret
716 1398 952 1484 Persarumque
983 1405 1017 1464 et
1047 1401 1114 1466 Ba-

94 1486 300 1572 byloniorum
324 1488 408 1571 pilas
435 1487 555 1552 solidas
579 1509 692 1553 aureas
716 1489 796 1553 duas
820 1488 937 1572 pedum
961 1490 1113 1555 vicenum

55 1597 81 1640 re
96 1575 230 1660 quinum
263 1580 296 1641 et
328 1578 362 1641 in
394 1576 445 1642 his
479 1577 588 1641 omnia
617 1577 706 1642 faeta
738 1577 894 1642 scriberet
926 1577 1114 1663 faceretque

96 1665 208 1730 eadem
235 1665 271 1729 in
298 1667 414 1730 ultima
437 1665 532 1731 India
560 1668 646 1730 ultra
669 1663 779 1730 Liberi
806 1669 838 1729 et
865 1665 1015 1729 Herculis
1045 1671 1113 1732 tro-

95 1752 209 1839 phaea,
228 1776 365 1838 quorum
383 1759 509 1819 centurn
529 1758 634 1840 erant3
653 1776 735 1839 quae
755 1758 787 1818 et
806 1775 866 1839 ego
883 1754 1025 1838 quinque
1040 1777 1114 1820 mea

89 1863 198 1930 ,aeque
222 1865 319 1908 aurea
343 1845 389 1907 eis
414 1844 531 1908 altiora
549 1843 640 1907 denis
664 1842 801 1926 pedibus
825 1843 926 1908 statui
949 1847 982 1906 ct
1005 1843 1040 1907 in
1064 1845 1112 1908 eis

96 1931 252 1996 victorias
289 1937 385 2015 atque
423 1933 540 1996 itinera
575 1935 689 1997 nostra
726 1931 907 1996 describere
942 1932 1113 2015 imperavi,

56 2042 83 2083 ro
98 2042 243 2105 quaeque
271 2021 426 2086 miraculo
454 2022 564 2084 futura
593 2023 685 2099 sunt,
715 2021 882 2084 carissime
910 2025 1114 2105 praeceptor,

96 2110 237 2191 posteris
262 2110 405 2176 saeculis.
448 2107 525 2173 Non
543 2129 644 2192 parva
663 2109 877 2174 admiratione
900 2129 1021 2173 novum
1039 2132 1112 2192 per·

96 2200 293 2279 potuumque
308 2197 483 2262 virtutibus
501 2198 675 2262 statuimus
693 2198 938 2282 monimentum,
959 2198 1047 2262 utin
1065 2199 1112 2263 vi·

96 2402 251 2458 iustissima
275 2404 399 2460 omnium
421 2406 548 2475 gentium
572 2423 632 2461 esse
655 2407 826 2476 perhibetur.
869 2407 925 2461 Ubi
945 2423 998 2462 nec
1021 2407 1112 2462 homi-

97 2473 202 2528 cidium
221 2489 312 2543 neque
325 2475 496 2531 adulterium
513 2493 604 2544 neque
617 2477 771 2546 periurium
788 2493 878 2545 neque
896 2477 1017 2533 ebrietas
1038 2494 1112 2533 com-

96 2544 173 2600 mitti
193 2543 304 2600 dicitur.
336 2545 411 2600 Pane
425 2548 537 2602 tantum
552 2550 581 2602 et
595 2548 716 2602 oleribus
730 2551 760 2603 et
772 2565 847 2617 aqua
860 2550 1020 2604 vescuntur.
1057 2549 1111 2615 Qui

96 2632 148 2671 nos
169 2615 370 2671 commeatibus
394 2617 508 2686 optimis
531 2620 687 2688 suscipiunt
710 2621 739 2673 et
760 2618 862 2673 itinere
880 2621 958 2674 recto
978 2620 1111 2675 ducentes

97 2702 148 2756 per
166 2685 282 2756 Caspias
300 2688 397 2756 portas
421 2687 457 2740 ad
479 2704 575 2757 regem
593 2705 692 2758 porum
714 2690 745 2744 in
766 2690 900 2744 fasiacem
924 2690 1111 2745 deducebant.

97 2757 166 2811 Inde
179 2757 300 2827 profecti
314 2761 342 2812 et
356 2759 453 2813 flatum
463 2757 532 2812 Euri
540 2759 619 2813 venti
633 2759 720 2814 secuti
733 2765 781 2816 etc.
819 2765 835 2814 2
850 2760 1023 2816 inducebant
1036 2763 1110 2816 Keil.

97 2827 275 2885 deducebant
289 2848 318 2884 ω.
339 2831 495 2885 suadebant
510 2828 538 2884 0.
576 2831 675 2886 3Non
689 2830 754 2887 u.V.
775 2831 833 2886 Nos
849 2831 878 2887 θ.
920 2830 1111 2886 4inaedimus

97 2898 223 2956 L.M.B.
257 2901 397 2970 externas]
417 2903 546 2956 aeternas
565 2919 595 2955 o.
619 2900 649 2955 in
666 2902 755 2957 terras
771 2902 846 2957 feras
866 2903 897 2958 V.
957 2901 1111 2974 avertice]

96 2986 198 3026 vorate
208 2971 244 3026 B.
281 2971 644 3043 tauetnohaurorumfl.
671 2972 881 3028 inadversosG.
901 2974 1111 3028 adversusoV.

98 3042 260 3098 ‘linteatae
278 3043 313 3099 L.
368 3049 469 3114 Sargo
488 3044 523 3098 B.
532 3041 565 3098 G.
574 3043 616 3097 M.
641 3059 693 3113 ego
713 3049 760 3099 cet.
819 3045 930 3115 tecto]
950 3059 1052 3098 novem
1071 3045 1111 3098 H.

98 3119 131 3168 13
151 3112 303 3169 alticonem
312 3115 381 3170 ω.Ρ.
396 3115 568 3170 Altriconem
577 3113 606 3169 0.
621 3114 714 3170 alconi
723 3113 763 3169 H.
779 3115 878 3170 ultioni
889 3115 920 3171 V.
944 3118 1064 3183 poneret
1071 3116 1111 3170 H.

96 3184 160 3255 pori
178 3206 208 3240 ω.
232 3186 261 3240 in
276 3185 337 3242 foro
353 3185 381 3240 0.
413 3202 612 3256 persarumque
632 3205 662 3239 ω.
686 3201 830 3254 persarum
849 3191 895 3242 cet.
918 3185 1112 3256 inpensarum

97 3259 126 3310 et
144 3255 359 3326 babyloniorum
376 3257 458 3311 terris
477 3257 516 3313 H.
598 3261 631 3310 15
652 3258 767 3325 quinum
786 3259 923 3312 statueret
943 3255 971 3313 0.
995 3257 1112 3324 quinum

97 3326 219 3396 erigeret
229 3328 261 3384 V.
300 3334 333 3381 16
353 3328 449 3382 eadem
469 3343 519 3383 om.
530 3348 560 3384 ω.
568 3327 600 3384 V.
640 3334 671 3382 17
690 3343 754 3382 mea
772 3327 910 3384 ΜΗΘ.
930 3342 1065 3396 meaeque
1075 3327 1110 3380 1..

98 3402 132 3450 18
151 3398 180 3452 et
197 3398 228 3451 in
246 3397 286 3454 eis
298 3399 497 3453 -describere
517 3396 585 3454 uP.
610 3413 659 3453 om.
679 3403 726 3453 cet.
811 3403 845 3452 20
864 3414 936 3466 quae
955 3398 994 3452 H.
1031 3415 1113 3467 praa-

95 3468 285 3536 oeptoran.
325 3476 358 3525 22
377 3486 414 3524 an
428 3472 459 3524 ut
476 3469 504 3524 0.
540 3470 570 3524 in
588 3470 709 3524 vivendo
726 3467 753 3523 0.
772 3469 802 3522 in
816 3468 968 3524 vivendum
982 3470 1059 3524 ΕΒ.
1067 3470 1111 3524 Μ.

78 3535 112 3590 r'n
133 3537 298 3600 virentibus
322 3543 352 3603 V.
380 3542 586 3601 inveniendum
603 3541 640 3598 G.
663 3538 850 3596 inridendum
864 3539 906 3590 E.
