2376 3938
427 183 556 238 OBITUS
575 181 798 239 ALEXANDRL
1056 181 1119 245 167

112 347 308 431 facultatem,
334 347 451 431 quibus
471 346 608 430 singulis
627 346 692 409 tria
710 346 801 409 milia
820 345 1046 409 drachmarum
1065 344 1121 408 ad·

111 437 272 500 numerari
296 435 475 500 conueniet.
513 435 620 518 Argos
640 436 750 498 autem
769 434 856 497 mitti
880 454 979 516 arma,
1003 431 1120 517 quibus

110 523 179 606 ipse
196 546 274 588 usus
295 545 375 606 sum,
398 527 430 587 et
450 523 519 587 auri
538 522 661 606 signati
685 521 857 586 drachmas
883 520 1121 606 quinquaginta

111 632 211 694 eaque
233 612 366 676 Herculi
390 610 572 675 consecrari
595 612 679 675 volo.
715 610 860 693 Delphos
884 630 1010 693 quoque
1034 610 1118 674 mitt'

109 701 264 783 praecepi,
288 699 395 764 eboris
419 699 503 784 quod
526 699 561 762 in
584 699 660 763 aula
682 719 756 763 mea
776 697 854 780 fuit,
878 697 1145 782 draconumquea

110 793 204 871 terga
233 793 264 852 et
294 794 424 871 pateras
456 808 569 851 aureas
599 787 771 871 tredecim,
802 786 967 870 primitias
997 785 1121 850 scilicet

111 898 244 959 operum
267 880 460 942 nostrorum.
505 875 644 939 Milesiis
667 875 767 940 etiam
791 874 829 939 ad
854 875 1120 940 reformationem

110 965 221 1047 oppidi
240 965 287 1028 sui
303 965 372 1028 dari
390 963 556 1049 praecipio
576 963 648 1027 auri
662 963 784 1047 signati
799 963 970 1027 drachmas
989 967 1121 1029 centum

111 1058 143 1115 et
172 1053 406 1137 quinquaginta
433 1052 698 1135 tantumdemque
727 1052 796 1117 auri
823 1051 988 1116 materiae.
1034 1051 1120 1117 Volo
1140 1062 1185 1114 96.

110 1144 218 1204 autem
242 1141 439 1223 Perdiccam,
467 1162 564 1225 quem
587 1140 739 1225 Aegypto
767 1140 998 1224 imperatorem
1022 1142 1160 1224 atquem

109 1230 322 1293 Alexandriae
350 1251 420 1294 esse
449 1229 544 1313 iussi,
572 1230 618 1294 sic
646 1231 693 1293 uti
720 1229 857 1313 imperio
882 1228 1052 1313 mandato,
1079 1250 1120 1294 ne

109 1340 228 1382 nomen
257 1341 365 1382 meum
394 1340 433 1381 ex
463 1318 582 1402 oppido
612 1315 844 1402 transferatur,
877 1339 959 1400 quae
989 1311 1120 1401 quidem

110 1408 207 1471 etiam
238 1407 372 1470 maximi
402 1407 535 1471 deorum
565 1404 698 1490 Sarapis
731 1410 781 1469 est
810 1406 980 1470 sententia.
1032 1404 1121 1469 Fieri

109 1518 204 1578 porro
234 1518 375 1559 annuum
404 1495 516 1579 oppidi
544 1495 757 1572 sacerdotem,
786 1494 840 1576 qui
868 1493 1017 1557 sacerdos
1045 1492 1121 1557 Ale·

108 1583 223 1647 xandri
245 1585 439 1663 nominetur,
463 1585 554 1667 eique
577 1582 720 1666 insignia
744 1581 814 1645 dari
836 1582 944 1665 placet
966 1601 1120 1646 coronam
1133 1603 1160 1646 15

110 1694 240 1735 auream
264 1675 297 1735 et
314 1694 510 1754 purpureum
533 1672 698 1736 amictum.
733 1668 767 1733 Is
790 1670 847 1734 ubi
870 1669 999 1733 functus
1022 1669 1121 1733 fuerit
1153 1730 1159 1741 ,

110 1760 301 1842 sacerdotio,
331 1761 419 1824 omni
447 1760 573 1845 reliquo
601 1779 734 1824 munere
757 1759 808 1823 vel
831 1757 1052 1842 inquietudine
1076 1759 1120 1822 sit

109 1849 242 1912 solutus.
289 1847 351 1912 Sed
379 1850 513 1933 quisque
540 1849 573 1912 id
601 1847 816 1912 sacerdotium
838 1846 1050 1930 nanciscitur,
1078 1846 1121 1911 sit

109 1941 141 2000 et
174 1958 291 2021 genere
325 1937 444 2000 nobilis
478 1941 511 2002 et
545 1937 800 2020 existimatione,
837 1935 884 2000 uti
918 1933 982 1998 sibi
1016 1934 1120 2018 digni·
1134 1957 1159 1997 ro

108 2028 159 2088 tas
188 2046 253 2087 una
284 2047 356 2089 cum
384 2026 523 2107 posteris
554 2029 586 2089 et
614 2025 681 2089 ista
709 2025 869 2108 proficiat.
890 2078 894 2088 ,
917 2022 1047 2087 Indicae
1074 2044 1121 2087 re·
1141 2033 1184 2086 97.

109 2113 215 2196 gionis
235 2114 365 2197 eiusque
382 2117 516 2196 tractus,
535 2113 590 2197 qui
605 2114 646 2177 ad
659 2112 842 2197 Hydaspim
855 2111 989 2177 fluvium
1003 2111 1120 2196 pergit,
1152 2146 1154 2151 ·

109 2200 272 2265 Taxiaden
298 2202 416 2265 mando
446 2223 516 2265 esse
538 2201 746 2284 praefectum.
792 2201 1019 2266 Adiacentium
1043 2221 1119 2265 vero

109 2290 279 2373 regionum
298 2289 530 2374 Apoctronum,
549 2289 700 2354 Roxanes
718 2293 878 2373 patruum,
897 2289 1005 2354 uxoris
1020 2310 1120 2373 meae,

108 2384 266 2442 rectorem
291 2379 446 2443 constitui
463 2379 579 2462 placet.
615 2377 789 2442 Racusiam
808 2399 884 2442 uero
903 2377 1069 2460 regionem
1088 2380 1120 2442 et

109 2465 318 2531 Bactrianam
338 2470 371 2530 et
391 2464 561 2531 Susianam
580 2466 733 2548 Philippo
758 2467 898 2550 remitte,
921 2465 1119 2549 Hyrcaniam
1133 2487 1160 2529 aa

109 2553 353 2638 Artaphernae,
380 2554 514 2619 Persida
537 2555 721 2618 Peucestae.
766 2553 900 2637 Illyriae
923 2575 999 2618 vero
1027 2575 1119 2639 prae-

109 2643 181 2725 ficio
201 2643 335 2725 Olciam,
359 2644 410 2707 cui
434 2642 563 2726 quidem
585 2665 624 2706 ex
647 2641 729 2706 Asia
753 2641 823 2705 dari
846 2643 1011 2725 oportebit
1029 2641 1120 2726 quin·

110 2735 226 2813 gentos
247 2752 346 2815 equos
370 2735 402 2794 et
421 2732 491 2795 auri
510 2730 737 2795 drachmarum
756 2730 821 2794 tria
839 2729 938 2813 milia,
962 2752 979 2792 e
1003 2731 1120 2813 quibus

109 2821 267 2902 templum
288 2820 473 2903 constituat,
492 2819 584 2902 eique
604 2819 726 2901 templo
747 2819 953 2883 simulacrum
968 2817 1120 2884 Herculis

199 3051 300 3099 tusus
320 3045 373 3098 eim
391 3046 427 3098 A.
465 3044 671 3113 9tundemque
685 3044 718 3099 P.
757 3050 790 3098 10
809 3047 943 3113 egyptum
958 3045 990 3098 P.
1030 3051 1061 3098 11
1082 3044 1121 3099 sic

110 3115 153 3169 uti
170 3116 205 3168 A.
235 3115 308 3169 sicut
326 3116 359 3169 P.
403 3121 435 3169 12
453 3116 625 3170 tranferatur
642 3115 678 3169 A.
722 3119 756 3169 14
775 3130 896 3169 annuum
918 3115 951 3170 P.
980 3133 1066 3168 unum
1085 3116 1120 3169 A.

111 3193 144 3240 18
164 3187 219 3240 Sed
234 3188 258 3239 si
273 3185 390 3255 quisquc
406 3187 440 3239 P.
468 3185 499 3239 id
513 3186 543 3240 P.
572 3187 614 3239 ita
628 3188 663 3238 A.
714 3191 746 3238 21
767 3186 817 3253 qui
830 3186 866 3240 ad
880 3186 1035 3255 Hydaspim
1049 3185 1121 3242 Mai.

110 3257 159 3325 qui
172 3258 209 3311 ad
222 3257 337 3325 ydapim
347 3257 379 3308 P.
399 3274 455 3324 quo
469 3256 613 3325 alydapim
620 3256 656 3311 A.
693 3261 727 3309 22
746 3257 859 3309 taxiade
870 3257 902 3310 P.
921 3255 1076 3309 Traxiaden
1084 3255 1120 3309 A.

109 3328 305 3382 Adiacentiam
324 3328 357 3381 P.
420 3333 454 3380 23
473 3331 667 3396 Apoccronum
686 3327 721 3381 A.
747 3332 878 3394 patruum
897 3328 932 3380 A.
954 3328 1067 3395 petrum
1087 3327 1121 3380 P.

109 3404 144 3451 24
163 3400 308 3467 regionum
325 3398 357 3450 P.
396 3402 430 3450 25
450 3398 597 3451 Susianam
611 3398 684 3452 Keil.
714 3397 836 3450 Suisiam
849 3396 922 3450 ΑΡ.
951 3396 1123 3465 Hyrcaniam

110 3469 182 3524 Mai.
203 3467 379 3524 Circanniam
390 3467 528 3522 artaferne
537 3469 569 3522 P.
589 3465 961 3536 CyrcanniamariaferneA.
999 3474 1033 3521 26
1051 3467 1121 3522 Pau-

112 3541 204 3594 cestae
224 3543 259 3594 A.
286 3540 382 3607 Illyrio
404 3541 437 3593 P.
490 3544 523 3592 27
545 3538 654 3593 Olciam
672 3538 746 3592 Keil.
776 3536 883 3592 oreiam
902 3537 934 3593 P.
964 3536 1067 3593 Orcion
1086 3539 1121 3593 A.
