2362 3938
467 153 517 205 ΑΙ)
536 152 604 206 LIB.
622 152 668 207 IV.
828 166 830 169 ·
1013 154 1075 208 XLI

149 301 213 359 536
242 304 268 358 ct
295 301 397 373 166666
423 300 542 375 scripsi:
570 302 691 374 cwcycc
718 301 759 376 V3
787 300 823 359 61.
846 302 994 361 Analecta
1018 302 1072 361 Oa-

55 388 188 447 tulliana
209 408 239 462 p.
263 389 315 445 42.

148 477 212 535 564
246 493 311 534 mcc
341 477 460 534 6166616
490 477 592 534 mucidi
623 478 684 534 imo
716 477 829 543 165661,
862 482 980 537 uocem
1012 496 1073 538 ecce

56 567 151 624 solum
178 582 239 639 eqs.
267 562 423 639 Heinsius,
455 582 523 622 cum
554 564 630 623 bene
662 563 780 622 uideret
810 564 906 623 latere
939 565 994 624 sub
1022 567 1070 626 his

56 653 159 712 uerbis
202 651 469 727 comparationem,
507 645 749 710 ‘ceu-labeut’
790 652 945 728 rescripsit
980 653 1071 728 idque

56 741 171 816 recepIt
198 739 295 798 Thilo.
347 739 399 798 sed
426 740 459 797 in
490 740 546 797 hac
578 740 748 799 coniectura
779 740 935 800 offensioni
967 741 1073 817 utiquo

57 833 105 888 est
128 829 207 904 quod
230 829 324 886 uerba
347 821 489 886 ‘tremere
503 845 570 887 ecce
589 829 695 902 solum,
717 831 848 887 tremere
866 829 934 904 ipsa
946 832 1070 904 repento

56 921 140 976 tecta
170 909 268 975 uides'
300 916 383 974 nullo
416 916 505 975 modo
537 915 675 976 absolute
706 919 834 991 possunt
865 905 944 993 poni.
1000 917 1073 992 quid

58 1006 140 1064 enim
163 1003 291 1080 Cyaneis
315 1022 384 1063 cum
406 1003 515 1062 tectis?
537 1003 640 1079 Itaque
666 1004 740 1062 haec
768 1023 885 1080 quoque
911 1005 1006 1064 uerba
1033 1004 1073 1064 ad

58 1093 313 1168 comparationem
340 1093 425 1150 illam
451 1092 602 1167 pertinere
634 1095 769 1168 apparet.
819 1094 888 1152 hiuc
916 1094 1073 1153 emendaui

59 1177 169 1256 ‘quast
200 1181 320 1239 uirrcula
344 1180 447 1238 mundi
478 1199 546 1238 cum
581 1182 641 1239 ima
676 1181 794 1257 labant,
831 1175 973 1242 tremerc'
1010 1200 1072 1257 eqs.

57 1272 219 1346 postquam
242 1269 320 1327 enim
344 1261 454 1344 ‘quast'
477 1271 547 1344 post
562 1261 656 1328 ‘suas'
678 1269 879 1345 interlapsum
900 1272 958 1345 est,
981 1264 1072 1328 ‘cum'

57 1357 178 1416 traiecIt
199 1357 225 1416 is
254 1357 305 1433 qui
327 1360 425 1416 metro
448 1351 511 1415 iam
533 1357 714 1416 claudicanti
736 1358 867 1417 uoluerIt
890 1377 1072 1417 succurrere.

58 1478 100 1487 ·-
134 1448 269 1504 ceterum
305 1445 444 1503 similiter
481 1445 517 1502 de
549 1446 605 1504 hoc
636 1445 702 1504 loco
735 1445 843 1504 statuit
876 1445 1070 1504 Schenkclius

58 1533 157 1608 [studz
181 1554 210 1609 p,
236 1530 301 1608 14].

149 1623 212 1680 566
236 1639 364 1695 aequora
385 1625 503 1680 6661661
525 1615 643 1695 scripsi:
667 1637 793 1693 aequora
816 1624 926 1678 certant
946 1620 983 1677 V.

149 1711 212 1768 572
240 1711 292 1781 fiet
319 1709 438 1785 scripsi:
465 1710 547 1780 :ieret
572 1708 608 1768 V.
659 1707 763 1767 eodem
789 1708 877 1767 modo
907 1707 983 1766 VIII
1007 1708 1071 1767 338

59 1791 226 1856 ‘succedet'
249 1798 281 1855 in
304 1790 500 1857 ‘succederet'
524 1798 699 1872 corruptum
722 1797 777 1855 est.

152 1887 215 1945 596
240 1903 325 1945 coeca
339 1889 443 1960 tegitur
466 1904 488 1944 6.
503 1903 623 1959 conclus
635 1884 844 1960 Marklandus‚
867 1884 1074 1942 Burmannus:

58 1991 151 2034 socco
173 1975 302 2047 sequitur
324 1992 347 2032 c.
371 1991 487 2046 campos
509 1973 546 2034 V.

150 2064 210 2121 601
241 2062 308 2122 latr
335 2061 455 2136 scripsi:
483 2063 529 2120 666
555 2061 592 2120 V.
620 2093 665 2102 -
690 2064 798 2132 [166616
828 2060 983 2120 Heinsius:
1015 2075 1075 2118 mc·

57 2156 152 2210 mento
173 2150 209 2208 V.
383 2187 390 2194 .
1172 2200 1175 2204 .

151 2240 213 2297 624
237 2240 322 2297 sacre
344 2255 360 2296 o
377 2254 485 2309 precor
508 2238 626 2313 scripsi:
650 2239 719 2297 sileo
736 2254 843 2309 precor
865 2235 901 2294 V.
924 2235 961 2295 61.
980 2234 1075 2312 Verg.

153 2416 215 2473 645
239 2415 360 2487 deficere
380 2414 586 2474 Burmannus:
610 2416 731 2488 deripcrc
753 2413 790 2471 V.

152 2503 214 2560 646
239 2503 317 2576 lapsi
340 2501 501 2561 Graculus:
523 2504 603 2576 rapti
626 2501 662 2560 V.

150 2591 211 2649 651
237 2597 310 2650 certe
333 2609 369 2648 ex
391 2590 420 2647 V
441 2591 570 2650 restItui.
637 2650 651 2679 r

151 2679 212 2737 652
238 2696 338 2739 coecas
362 2683 425 2737 erat
447 2679 570 2737 conieci:
593 2679 745 2740 Pecctcrct
766 2678 803 2740 V.

151 2767 214 2825 653
238 2772 313 2826 certo
337 2767 456 2842 scripsi:
480 2768 562 2826 credo
585 2766 622 2826 V.

152 2857 212 2913 661
239 2857 313 2914 sicot
336 2854 544 2914 Schenkelius:
568 2858 682 2915 616651
704 2855 740 2913 V.

152 2944 215 3002 664
239 2947 323 3002 artas
343 2942 590 3001 Friesemannus:
613 2961 700 3002 cares
722 2941 758 2999 V.

152 3032 215 3089 669
239 3033 333 3104 feruet
355 3030 474 3106 scripsi:
492 3031 600 3104 pendet
621 3029 657 3086 V.

151 3121 214 3178 674
240 3138 282 3195 sq.
307 3113 420 3191 ‘sequor
443 3137 459 3178 c
482 3121 652 3192 calcaneos
665 3110 803 3192 cem,
826 3115 992 3188 Aesonides,
1016 3108 1075 3173 ‘cet

56 3200 148 3280 fallit'
173 3209 222 3265 ait.
268 3208 312 3266 ita
334 3207 371 3266 V.
417 3226 493 3282 quae
516 3225 585 3265 cum
607 3207 712 3280 aparte
735 3205 795 3263 sint
817 3203 996 3278 deprauata,
1020 3203 1075 3260 aut

57 3288 121 3353 ‘uel
144 3288 246 3355 fallor'
270 3298 324 3353 aut
342 3288 408 3354 ‘nec
421 3288 523 3355 fallor'
547 3297 600 3352 aut
624 3286 677 3351 ‘nil
691 3285 783 3351 fallis'
802 3309 963 3366 reposuere
986 3289 1074 3349 docti.

58 3383 114 3442 sed
136 3384 198 3443 tale
221 3383 365 3459 adultum,
388 3379 464 3442 nihil
488 3402 521 3442 se
543 3381 683 3441 dubitare
705 3381 742 3439 de
765 3380 871 3440 ominis
900 3379 983 3438 illius
1008 3396 1075 3438 auc·
1164 3368 1178 3443 ,’

56 3476 139 3549 tore,
162 3490 221 3531 non
245 3471 385 3532 conuenit
408 3471 555 3531 Iasonem.
583 3470 654 3545 quid
677 3470 741 3529 fere
759 3469 892 3545 postulet
916 3467 1074 3543 sententia,
1179 3481 1181 3484 ⁴
