2376 3938
99 199 144 263 90
524 195 633 252 nasa
651 196 685 252 11.

101 382 268 445 supremas
292 358 419 425 litteras
442 359 549 443 datas,
577 361 685 425 cetera
707 381 783 425 vero
808 381 906 424 manu
933 381 1003 424 esse
1027 381 1114 425 com·

100 448 254 603 Plendfiio
283 541 419 622 uterquc
449 537 608 603 exercitus
638 537 725 603 bello
755 539 898 622 paratur.
948 534 1008 601 Oui
1037 535 1114 602 Ale·
1133 543 1181 600 XI.

101 626 224 692 xander
252 649 325 693 cum
355 627 532 710 plurimum
560 626 820 710 conscripsisset,
848 625 988 710 satrapis
1015 625 1115 710 Phry·

71 717 177 803 ogiae
204 717 257 781 vel
284 714 507 800 Cappadociae
531 713 743 800 Ciliciamque
771 718 828 779 aut
853 714 1115 800 Paphlagoniam

101 806 154 870 vel
171 801 328 870 Arabiam
347 804 571 869 obtinentibus
590 803 729 869 vestium
752 802 943 867 militarium
965 803 1115 887 protinus

103 895 341 977 competentem
371 893 412 957 ad
441 891 655 957 militantium
684 913 857 957 numerum
887 894 920 957 et
950 912 1116 956 armorum

103 1005 199 1067 quam
229 981 408 1046 maximum
434 1002 605 1045 numerum
635 981 738 1064 iubet,
768 981 802 1044 in
832 1001 913 1064 quos
943 1002 1021 1045 usus
1050 981 1114 1045 tria

103 1070 193 1135 milia
221 1069 418 1135 camelorum
446 1069 532 1154 apud
559 1068 686 1154 Syriam
714 1070 771 1155 agi
797 1069 1047 1152 mandaverunt,
1074 1090 1115 1133 ne

62 1181 90 1220 ιο
104 1158 181 1243 quid
196 1180 317 1242 eorum,
336 1156 422 1242 quod
441 1159 514 1222 usui
528 1157 614 1222 foret
632 1157 711 1223 belli
729 1157 909 1240 commodo,
927 1161 1116 1223 moraretur.

192 1245 316 1311 Eodem
336 1267 413 1310 sane
428 1249 574 1329 tempore
589 1245 683 1310 Darii
703 1247 800 1311 duces
819 1247 939 1312 multas
959 1246 1116 1311 eiusmodi

103 1335 231 1400 litteras
246 1335 439 1418 misitavere,
453 1334 569 1419 quibus
580 1334 712 1419 fatigari
727 1355 797 1399 sese
807 1335 992 1419 multosque
1007 1334 1117 1400 admo·

105 1424 181 1489 dum
192 1423 399 1506 optimatium
408 1424 631 1508 interemptos,
641 1423 800 1507 quosdam
815 1424 914 1489 etiam
925 1424 966 1488 ad
976 1423 1116 1488 Alexan·
1147 1490 1151 1499 ,

104 1513 198 1578 drum
208 1511 364 1578 transisse
373 1513 572 1578 nuntiarent
595 1510 685 1577 Haec
700 1512 810 1577 omnia
823 1513 858 1577 in
871 1513 904 1576 id
913 1511 1049 1577 Darium
1064 1533 1117 1576 ex-

63 1621 90 1663 15
105 1602 308 1685 citabant,ne
316 1602 393 1686 quid
401 1601 531 1686 segnius
538 1600 821 1685 praetermitteret.
835 1600 1116 1687 IgituradPorum

105 1712 231 1776 quoque
251 1692 365 1757 scribit
382 1690 503 1756 Darius
522 1690 670 1774 petitque
690 1690 753 1755 sibi
771 1689 893 1755 auxilia
911 1691 1060 1774 plurima.

194 1778 258 1844 Sed
276 1780 380 1844 Porus
401 1779 588 1845 valetudine
611 1778 756 1863 corporis
780 1782 933 1845 excusata
959 1782 1056 1862 atque
1098 1782 1159 1838 XII.

105 1869 141 1932 in
168 1871 297 1952 tempus
326 1867 426 1934 dilata
453 1867 558 1952 petita
585 1868 803 1952 rescripserat.
853 1867 914 1932 His
943 1866 1117 1950 compertis

105 1957 199 2024 Darii
222 1961 334 2041 mater,
357 1979 439 2042 quae
462 1978 529 2022 una
552 1979 625 2022 cum
645 1956 830 2022 Alexandro
855 1959 933 2038 erat,
956 1955 1041 2020 clam
1064 1955 1118 2019 lit·

61 2068 92 2110 so
106 2051 194 2112 teras
214 2046 295 2111 facit
318 2065 436 2129 easque
459 2046 501 2111 ad
524 2046 627 2110 filium
651 2045 793 2111 destinat
816 2045 954 2129 scriptas
977 2045 1011 2108 in
1033 2044 1118 2109 hanc

106 2135 317 2199 sententiam:
354 2132 552 2219 ‘Rogodunc
591 2138 696 2198 mater
731 2133 833 2200 Dario
872 2133 941 2197 filio
979 2132 1119 2198 salutem

106 2221 193 2287 dicit.
238 2219 341 2286 Fama
369 2225 419 2286 est
441 2225 474 2286 te
498 2225 611 2288 coacto
636 2223 777 2288 exercitu
801 2223 841 2287 ad
864 2222 1024 2306 proelium
1046 2224 1118 2285 ten-

107 2311 189 2393 dere,
211 2309 359 2393 profecto
380 2309 586 2394 nescientem,
610 2311 696 2396 quod
715 2310 803 2375 orbis
822 2332 950 2396 quoque
968 2310 1053 2376 vires
1077 2308 1118 2374 ad

107 2418 176 2463 sese
218 2397 384 2462 venientes
425 2419 482 2462 rex
518 2399 703 2464 Alexander
743 2399 839 2465 facile
880 2398 1118 2483 contempserit.

62 2507 92 2549 rs
105 2484 236 2551 Nollem
264 2485 379 2570 igitur,
408 2489 485 2551 nate
512 2487 572 2571 mi,
601 2488 761 2554 incertum
788 2487 890 2553 futuri
920 2511 940 2552 a
966 2492 999 2552 te
1026 2509 1119 2571 prac-

107 2575 215 2659 optari
246 2574 489 2659 praesentibus,
526 2577 578 2640 cui
609 2576 751 2642 fortasse
788 2578 831 2641 sit
862 2577 1047 2660 promptius
1080 2577 1119 2641 de

106 2664 213 2748 quiete
246 2662 371 2747 aliquid
401 2663 452 2728 vel
487 2665 631 2729 amicitia
665 2665 856 2731 consultare.
911 2665 996 2743 Quid
1033 2665 1120 2730 enim

107 2753 251 2817 omnium
275 2753 339 2836 est,
366 2751 452 2836 quod
480 2755 513 2816 to
537 2753 655 2818 excitet
682 2754 723 2819 ad
745 2754 1018 2839 indignationem,
1046 2776 1119 2819 cum

107 2840 198 2925 ipsae
226 2862 288 2906 nos
318 2861 458 2925 quoque,
488 2840 605 2924 quibus
629 2841 762 2908 fortuna
784 2843 962 2908 timebatur
983 2842 1119 2924 tristior,

63 2951 94 2994 ao
108 2929 244 3014 honore,
276 2951 339 3015 quo
372 2929 474 3014 domi,
510 2930 696 3015 nulliusque
729 2932 911 3017 indigentes
949 2930 1118 3015 agitemus.

108 3018 192 3085 Boni
215 3019 316 3104 igitur
339 3019 500 3104 consules,
528 3019 557 3085 si
580 3018 847 3104 depectionibus
870 3016 1010 3085 videris’
1056 3016 1118 3081 His

106 3108 201 3175 lectis
222 3107 344 3174 Darius
367 3107 557 3190 illacrimat3
584 3108 647 3174 hoc
674 3108 745 3192 ipso
772 3113 884 3173 tamen
906 3107 947 3172 ad
969 3106 1118 3190 indigua-

106 3198 234 3278 tionem,
253 3198 467 3263 excitamenta
490 3197 658 3279 utebatur,
685 3196 770 3280 quod
797 3199 928 3281 putaret
949 3195 1048 3259 indici
1071 3193 1118 3258 in·

107 3285 226 3353 iuriam
249 3286 372 3352 viribus
397 3285 477 3369 suis,
501 3285 530 3351 si
554 3284 592 3350 da
615 3284 822 3369 pactionibus
846 3284 1065 3348 meditaretur.

196 3501 214 3576 ‚⁷
234 3498 440 3566 competentem
457 3495 494 3552 ad
512 3497 620 3566 scripsi.
648 3495 684 3551 ad
703 3495 909 3563 competentem
929 3493 963 3550 P.
1006 3499 1022 3548 9
1042 3509 1121 3548 man·

109 3564 218 3618 daverit
237 3564 294 3621 Mr.
319 3567 501 3637 mandaverat
519 3567 622 3624 Etert.
694 3573 730 3622 23
748 3566 824 3636 quod
844 3566 902 3622 Mr.
927 3581 982 3635 quo
1002 3565 1034 3621 P.
