2362 3938
125 178 151 232 X
238 133 246 145 =
525 173 739 230 PRAEFATIO.

125 329 214 385 etiam
238 325 331 385 codex
354 324 518 404 Carrionis,
541 324 578 385 de
602 343 661 404 quo
689 324 762 385 mihi
788 327 892 403 paucis
916 327 1070 410 agendum
1092 335 1135 388 est

125 416 156 474 in
180 412 289 473 Valerii
317 416 395 474 enim
420 413 489 473 edit'
469 420 549 473 tione
579 408 716 474 31565
743 413 924 492 Antuerpiae
954 417 1069 476 emissa
1089 415 1136 476 Lu

127 502 254 562 donicus
286 501 389 563 Carrio
420 501 521 562 codice
559 501 686 580 quodam
723 501 841 580 Belgico
878 511 947 562 ante
980 511 1138 566 -ssexcenbo

126 609 220 651 annos
254 602 372 652 exarato
402 608 434 650 se
466 609 554 650 usum
582 609 648 650 esse
680 591 839 649 affirmauit
871 590 1081 671 plurimasque
1111 611 1139 653 33

127 699 163 740 33
196 680 339 740 lectiones
371 682 402 738 in
434 678 565 739 medium
596 678 730 759 protulit.
786 696 859 756 quas
895 679 1047 741 lectiones
1080 699 1139 742 cum

128 787 215 847 saepe
240 768 457 829 emendatiores
480 770 523 827 eis
547 785 620 845 quas
643 765 800 827 Vaticanus
822 766 947 845 praebet
971 787 1042 830 esse
1067 770 1139 831 uide·

128 864 204 937 rent,
214 856 292 917 baud
302 859 389 936 pauci
398 858 458 916 uiri
467 856 547 915 docti
557 854 707 916 Carrionis
717 854 827 915 librum
837 857 946 914 summi
958 875 1027 918 esse
1038 859 1139 919 iacien-

126 946 198 1004 dum
222 953 414 1005 censuerunt.
442 946 527 1004 cuius
542 947 690 1022 opinionis
705 946 867 1004 acerrimus
890 941 991 1023 nup'er
1008 946 1141 1007 defensor

127 1035 225 1093 extitit
239 1032 390 1092 Gustauus
404 1031 563 1112 Meyncke·
579 1035 630 1110 qui
654 1035 684 1092 in
700 1033 907 1111 quaestionum
921 1030 1141 1095 Valerianarum

126 1128 209 1199 parte
224 1122 323 1199 priore
339 1120 375 1179 de
390 1121 445 1179 hac
459 1138 493 1178 33
508 1137 578 1179 3333
594 1128 623 1179 31
637 1120 861 1198 diligentissime
876 1127 907 1180 et
921 1125 1141 1183 accuratissime

126 1208 276 1266 disseruit.
324 1215 353 1266 et
382 1215 446 1266 erat
473 1226 541 1267 cum
570 1206 658 1268 huius
687 1208 847 1287 disputatio
871 1209 944 1267 mihi
968 1212 1142 1289 imponeret.

127 1294 178 1354 sed
217 1296 296 1354 enim
337 1297 448 1355 iterum
489 1298 659 1374 iterumque
698 1298 869 1356 examinatis
912 1298 1041 1375 singulis
1078 1298 1142 1359 libri

126 1382 238 1461 Belgici
261 1384 419 1461 scripturis
443 1383 478 1443 ad
494 1387 672 1444 sententiam
694 1385 781 1463 plane
806 1388 986 1445 contrariam
1010 1389 1142 1465 perueni.

127 1490 195 1531 nam
218 1490 328 1551 paucae
353 1490 426 1550 quas
447 1472 539 1533 habet
561 1471 724 1533 illebonae
747 1473 891 1533 lectiones
914 1476 955 1533 ita
980 1483 1054 1535 sunt
1068 1493 1142 1535 com·

128 1569 245 1639 paratae
269 1568 304 1620 ut
326 1561 463 1621 facillima
488 1565 659 1622 coniectura
688 1581 724 1621 ex
748 1564 811 1639 ipso
835 1561 859 1619 V
887 1561 954 1621 elici
983 1565 1142 1641 potuerint.

128 1649 175 1709 his
217 1658 316 1710 autem
356 1653 459 1729 paucis
496 1650 583 1711 bonis
626 1651 784 1729 scripturis
825 1649 924 1709 obstat
964 1669 1142 1730 permagnus

129 1757 272 1798 numerus
296 1738 458 1799 lectionum
472 1742 669 1818 pessimarum
688 1757 824 1816 quaeque
848 1741 915 1798 ucri
938 1739 1141 1800 tantummodo

128 1829 227 1905 specie
256 1827 381 1906 quadam
405 1827 514 1888 fallant.
554 1828 730 1906 plerumque
755 1828 833 1886 enim
858 1829 1035 1888 certissimis
1059 1847 1140 1906 argu·

127 1918 237 1976 mentis
282 1917 526 1994 interpolatorem
570 1917 758 1994 agnoscimus
804 1917 855 1993 qui
904 1913 1040 1976 Vaticani
1084 1934 1141 1976 me·

129 2008 253 2066 moriam
289 2005 479 2083 deprauatam
516 2012 678 2082 utcumque
720 2003 876 2064 emendare
914 2003 1074 2071 studuerit.
1113 2006 1142 2063 in

129 2113 188 2172 quo
221 2093 397 2154 emendandi
429 2096 561 2173 negotio,
595 2094 651 2152 etsi
687 2092 839 2152 interdum
871 2090 1012 2174 feliciter,
1052 2093 1141 2153 multo

128 2191 227 2241 tamen
251 2183 370 2259 saepius
399 2183 513 2241 auersis
536 2180 629 2240 Musis
656 2188 794 2240 uersatus
823 2189 869 2250 est
896 2188 1051 2241 corrector
1080 2183 1143 2260 iste,

126 2271 200 2347 quin
224 2269 302 2329 baud
325 2287 393 2327 raro
416 2269 480 2328 loca
504 2270 658 2328 sanissima
681 2287 773 2346 praue
797 2269 999 2347 adtemptauit.
1036 2269 1144 2329 horum

128 2355 241 2434 aliquot
269 2356 442 2434 Meynckius
469 2356 487 2415 l.
511 2357 529 2417 l.
557 2375 584 2434 p.
614 2353 633 2416 8
663 2359 838 2435 composuit.
884 2358 936 2435 qni
966 2375 1036 2417 cum
1066 2356 1143 2436 inde,

129 2439 208 2521 quod
237 2444 283 2502 bis
311 2443 384 2503 locis
408 2443 583 2503 emendandi
611 2444 691 2503 nulla
715 2452 871 2523 appareret
894 2463 995 2525 causa,
1025 2445 1143 2506 conclu·

128 2532 212 2591 deret
236 2530 386 2591 Carrionis
401 2532 535 2591 codicem
550 2550 637 2610 33333
653 2535 817 2611 3331313333
839 2533 983 2612 praebere
1007 2536 1144 2614 proprias

128 2638 225 2697 neque
249 2638 265 2678 e
289 2618 428 2679 Vaticano
451 2619 625 2702 pendentes,
648 2620 758 2681 oblitus
787 2628 833 2681 est
856 2639 944 2700 quam
968 2640 1057 2702 saepe
1082 2640 1143 2682 sae-

129 2707 188 2766 culi
216 2707 266 2765 XV
294 2708 374 2767 docti
401 2706 467 2766 Itali
495 2726 576 2767 mera
605 2709 791 2769 coniectandi
818 2709 939 2769 libidine
968 2713 1028 2769 acti
1053 2710 1144 2771 uerba

127 2795 234 2855 tradita
257 2797 482 2856 immutauerint
503 2798 682 2857 necessitate
706 2805 831 2876 cogente
854 2798 942 2857 nulla.
989 2800 1076 2858 cuius
1100 2800 1144 2858 rei

128 2887 251 2945 unicum
287 2885 437 2963 proferam
473 2885 654 2966 exemplum,
695 2885 946 2966 Panegyricorum
982 2886 1144 2947 latinorum

129 2973 263 3034 codicem
285 2973 458 3035 Vaticanum
483 2970 577 3034 1775.
606 2977 692 3035 cuins
716 2983 868 3035 corrector
891 2980 925 3034 ut
947 2972 1026 3033 haud
1049 2993 1145 3054 pauca

128 3062 318 3123 librariorum
355 3065 400 3123 uit
401 3067 428 3123 ia
466 3066 583 3142 egregie
621 3064 811 3143 emaculauit,
851 3065 892 3122 ita
932 3068 962 3120 et
997 3061 1144 3139 plurimas

127 3136 254 3230 cor‘rupt
242 3151 315 3211 etlas
347 3155 475 3230 pessime
507 3154 665 3231 temptauit
692 3160 722 3211 et
710 3110 835 3210 tharld
871 3165 938 3208 raro
976 3144 1143 3222 scripturas

128 3239 202 3297 nulli
230 3243 394 3319 suspicioni
422 3240 525 3300 obuias
554 3240 676 3299 uiolent
656 3242 768 3299 tissime
800 3236 933 3295 mutauit.
984 3239 1014 3288 et
1036 3231 1140 3292 hercle

128 3324 202 3384 tales
217 3330 404 3388 coniecturas
428 3346 444 3386 e
468 3346 550 3387 mera
572 3325 705 3386 mutandi
727 3325 880 3403 prurigine
903 3324 986 3377 natas
1008 3317 1041 3374 in
1065 3336 1140 3395 quo-

127 3413 174 3468 uis
212 3414 274 3472 iere
312 3415 422 3476 saeculi
463 3414 513 3472 XV
545 3414 645 3475 codice
686 3407 908 3490 deprehendere
943 3403 1022 3463 licet.
1080 3427 1142 3470 non

125 3514 250 3576 possum
273 3508 373 3561 autom
397 3502 538 3562 accedere
559 3502 657 3578 133313
683 3499 804 3575 aliisque
828 3496 889 3575 qui,
912 3510 980 3553 cum
1000 3508 1141 3577 excerpta
