<?xml version="1.0" encoding="UTF-8"?>
<!DOCTYPE html PUBLIC "-//W3C//DTD XHTML 1.0 Transitional//EN"
    "http://www.w3.org/TR/xhtml1/DTD/xhtml1-transitional.dtd">
<html xmlns="http://www.w3.org/1999/xhtml" xml:lang="en" lang="en">
 <head>
  <title>
</title>
<meta http-equiv="Content-Type" content="text/html;charset=utf-8" />
  <meta name='ocr-system' content='tesseract 3.04.00' />
  <meta name='ocr-capabilities' content='ocr_page ocr_carea ocr_par ocr_line ocrx_word'/>
</head>
<body>
  <div class='ocr_page' id='page_1' title='image "./domitiivlpianiq00huscgoog/domitiivlpianiq00huscgoog_0600.png"; bbox 0 0 2362 3938; ppageno 0'>
   <div class='ocr_carea' id='block_1_1' title="bbox 328 206 1092 276">
    <p class='ocr_par' dir='ltr' id='par_1_1' title="bbox 328 206 1092 276">
     <span class='ocr_line' id='line_1_1' title="bbox 328 206 1092 276; baseline 0.017 -13"><span class='ocrx_word' id='word_1_1' title='bbox 328 206 618 264; x_wconf 71' lang='lat' dir='ltr'>Annonnnnlcon</span> <span class='ocrx_word' id='word_1_2' title='bbox 635 207 748 265; x_wconf 78' lang='lat' dir='ltr'>LIBER</span> <span class='ocrx_word' id='word_1_3' title='bbox 764 208 840 265; x_wconf 83' lang='lat' dir='ltr'><strong>VIII.</strong></span> <span class='ocrx_word' id='word_1_4' title='bbox 1031 211 1092 276; x_wconf 73' lang='grc'>157</span> 
     </span>
    </p>
   </div>
   <div class='ocr_carea' id='block_1_2' title="bbox 32 336 1096 1236">
    <p class='ocr_par' dir='ltr' id='par_1_2' title="bbox 32 336 840 438">
     <span class='ocr_line' id='line_1_2' title="bbox 32 336 840 438; baseline -0.001 -20"><span class='ocrx_word' id='word_1_5' title='bbox 32 336 40 435; x_wconf 60' lang='grc' dir='ltr'>ᾗ</span> <span class='ocrx_word' id='word_1_6' title='bbox 81 365 110 420; x_wconf 85' lang='lat' dir='ltr'>et</span> <span class='ocrx_word' id='word_1_7' title='bbox 131 375 222 438; x_wconf 89' lang='lat' dir='ltr'>posse</span> <span class='ocrx_word' id='word_1_8' title='bbox 245 356 343 418; x_wconf 81' lang='lat' dir='ltr'>oblata</span> <span class='ocrx_word' id='word_1_9' title='bbox 365 374 545 436; x_wconf 86' lang='lat' dir='ltr'>componere</span> <span class='ocrx_word' id='word_1_10' title='bbox 567 359 684 436; x_wconf 83' lang='lat' dir='ltr'>uirgine</span> <span class='ocrx_word' id='word_1_11' title='bbox 707 357 840 421; x_wconf 70' lang='lat' dir='ltr'>belum.</span> 
     </span>
    </p>

    <p class='ocr_par' dir='ltr' id='par_1_3' title="bbox 32 446 1093 882">
     <span class='ocr_line' id='line_1_3' title="bbox 32 446 1093 528; baseline 0.005 -20"><span class='ocrx_word' id='word_1_12' title='bbox 32 448 40 489; x_wconf 62' lang='lat' dir='ltr'>i·</span> <span class='ocrx_word' id='word_1_13' title='bbox 78 465 230 527; x_wconf 90' lang='lat' dir='ltr'>quemque</span> <span class='ocrx_word' id='word_1_14' title='bbox 254 464 324 507; x_wconf 89' lang='lat' dir='ltr'>snas</span> <span class='ocrx_word' id='word_1_15' title='bbox 346 448 490 507; x_wconf 88' lang='lat' dir='ltr'>sinatire</span> <span class='ocrx_word' id='word_1_16' title='bbox 514 446 824 528; x_wconf 78' lang='lat' dir='ltr'>domos‚necl1arle</span> <span class='ocrx_word' id='word_1_17' title='bbox 848 455 973 509; x_wconf 84' lang='lat' dir='ltr'>cruento</span> <span class='ocrx_word' id='word_1_18' title='bbox 1041 460 1093 513; x_wconf 68' lang='lat' dir='ltr'>nio</span> 
     </span>
     <span class='ocr_line' id='line_1_4' title="bbox 80 534 1013 616; baseline 0.001 -20"><span class='ocrx_word' id='word_1_19' title='bbox 80 535 233 616; x_wconf 78' lang='lat' dir='ltr'><strong>Europam</strong></span> <span class='ocrx_word' id='word_1_20' title='bbox 256 535 352 614; x_wconf 81' lang='lat' dir='ltr'>adque</span> <span class='ocrx_word' id='word_1_21' title='bbox 373 534 474 598; x_wconf 74' lang='lat' dir='ltr'>osiam</span> <span class='ocrx_word' id='word_1_22' title='bbox 495 537 592 614; x_wconf 83' lang='lat' dir='ltr'>prima</span> <span class='ocrx_word' id='word_1_23' title='bbox 614 535 687 597; x_wconf 81' lang='lat' dir='ltr'>haec</span> <span class='ocrx_word' id='word_1_24' title='bbox 709 537 876 606; x_wconf 75' lang='lat' dir='ltr'>,committat</span> <span class='ocrx_word' id='word_1_25' title='bbox 897 534 1013 615; x_wconf 70' lang='lat' dir='ltr'>Eaenys.</span> 
     </span>
     <span class='ocr_line' id='line_1_5' title="bbox 80 622 1028 705; baseline 0 -19"><span class='ocrx_word' id='word_1_26' title='bbox 80 642 209 704; x_wconf 89' lang='lat' dir='ltr'>namque</span> <span class='ocrx_word' id='word_1_27' title='bbox 232 624 336 693; x_wconf 77' lang='lat' dir='ltr'>datum</span> <span class='ocrx_word' id='word_1_28' title='bbox 357 622 416 685; x_wconf 88' lang='lat' dir='ltr'>hoc</span> <span class='ocrx_word' id='word_1_29' title='bbox 437 623 517 705; x_wconf 78' lang='lat' dir='ltr'>ntis,</span> <span class='ocrx_word' id='word_1_30' title='bbox 538 624 674 702; x_wconf 70' lang='lat' dir='ltr'>trepidis</span> <span class='ocrx_word' id='word_1_31' title='bbox 696 624 881 705; x_wconf 71' lang='lat' dir='ltr'>supplexque</span> <span class='ocrx_word' id='word_1_32' title='bbox 904 624 1028 689; x_wconf 80' lang='lat' dir='ltr'>canebat</span> 
     </span>
     <span class='ocr_line' id='line_1_6' title="bbox 79 712 887 794; baseline 0.001 -20"><span class='ocrx_word' id='word_1_33' title='bbox 79 712 216 794; x_wconf 78' lang='lat' dir='ltr'>Mopsus,</span> <span class='ocrx_word' id='word_1_34' title='bbox 238 720 273 773; x_wconf 85' lang='lat' dir='ltr'>nt</span> <span class='ocrx_word' id='word_1_35' title='bbox 295 715 327 774; x_wconf 91' lang='lat' dir='ltr'>in</span> <span class='ocrx_word' id='word_1_36' title='bbox 349 730 434 773; x_wconf 86' lang='lat' dir='ltr'>seros</span> <span class='ocrx_word' id='word_1_37' title='bbox 455 714 536 777; x_wconf 78' lang='lat' dir='ltr'>irent</span> <span class='ocrx_word' id='word_1_38' title='bbox 557 715 652 792; x_wconf 71' lang='lat' dir='ltr'>ungis</span> <span class='ocrx_word' id='word_1_39' title='bbox 673 714 731 775; x_wconf 62' lang='lat' dir='ltr'>ina</span> <span class='ocrx_word' id='word_1_40' title='bbox 753 722 887 794; x_wconf 75' lang='lat' dir='ltr'><strong>nepotes,</strong></span> 
     </span>
     <span class='ocr_line' id='line_1_7' title="bbox 80 800 859 882; baseline -0.006 -15"><span class='ocrx_word' id='word_1_41' title='bbox 80 803 178 882; x_wconf 79' lang='lat' dir='ltr'>adque</span> <span class='ocrx_word' id='word_1_42' title='bbox 202 800 278 863; x_wconf 85' lang='lat' dir='ltr'>alins</span> <span class='ocrx_word' id='word_1_43' title='bbox 297 800 398 867; x_wconf 82' lang='lat' dir='ltr'>lueret</span> <span class='ocrx_word' id='word_1_44' title='bbox 419 808 480 862; x_wconf 77' lang='lat' dir='ltr'>lam</span> <span class='ocrx_word' id='word_1_45' title='bbox 501 800 568 865; x_wconf 83' lang='lat' dir='ltr'>dira</span> <span class='ocrx_word' id='word_1_46' title='bbox 588 801 726 863; x_wconf 87' lang='lat' dir='ltr'>incendia</span> <span class='ocrx_word' id='word_1_47' title='bbox 748 810 859 881; x_wconf 81' lang='lat' dir='ltr'>raptor.</span> 
     </span>
    </p>

    <p class='ocr_par' dir='ltr' id='par_1_4' title="bbox 78 888 1096 1236">
     <span class='ocr_line' id='line_1_8' title="bbox 122 888 1096 970; baseline 0.002 -20"><span class='ocrx_word' id='word_1_48' title='bbox 122 890 176 951; x_wconf 89' lang='lat' dir='ltr'>Ille</span> <span class='ocrx_word' id='word_1_49' title='bbox 201 889 323 954; x_wconf 84' lang='lat' dir='ltr'>trahens</span> <span class='ocrx_word' id='word_1_50' title='bbox 344 890 490 970; x_wconf 59' lang='lat' dir='ltr'>pnicum</span> <span class='ocrx_word' id='word_1_51' title='bbox 512 891 603 951; x_wconf 77' lang='lat' dir='ltr'>tantis</span> <span class='ocrx_word' id='word_1_52' title='bbox 626 908 660 953; x_wconf 90' lang='lat' dir='ltr'>ac</span> <span class='ocrx_word' id='word_1_53' title='bbox 683 888 809 953; x_wconf 77' lang='lat' dir='ltr'>uocibus</span> <span class='ocrx_word' id='word_1_54' title='bbox 832 892 926 970; x_wconf 84' lang='lat' dir='ltr'>inpar,</span> <span class='ocrx_word' id='word_1_55' title='bbox 1042 901 1096 952; x_wconf 74' lang='lat' dir='ltr'>eoo</span> 
     </span>
     <span class='ocr_line' id='line_1_9' title="bbox 79 976 936 1060; baseline 0 -21"><span class='ocrx_word' id='word_1_56' title='bbox 79 996 260 1060; x_wconf 89' lang='lat' dir='ltr'>quamquam</span> <span class='ocrx_word' id='word_1_57' title='bbox 282 981 348 1039; x_wconf 82' lang='lat' dir='ltr'>iura</span> <span class='ocrx_word' id='word_1_58' title='bbox 368 977 460 1046; x_wconf 80' lang='lat' dir='ltr'>deum</span> <span class='ocrx_word' id='word_1_59' title='bbox 482 986 513 1039; x_wconf 84' lang='lat' dir='ltr'>ol</span> <span class='ocrx_word' id='word_1_60' title='bbox 531 979 613 1039; x_wconf 88' lang='lat' dir='ltr'>sacri</span> <span class='ocrx_word' id='word_1_61' title='bbox 636 976 693 1045; x_wconf 73' lang='lat' dir='ltr'>silai</span> <span class='ocrx_word' id='word_1_62' title='bbox 715 980 834 1041; x_wconf 87' lang='lat' dir='ltr'>conscia</span> <span class='ocrx_word' id='word_1_63' title='bbox 856 979 936 1058; x_wconf 76' lang='lat' dir='ltr'>pacti</span> 
     </span>
     <span class='ocr_line' id='line_1_10' title="bbox 79 1066 829 1148; baseline 0.001 -20"><span class='ocrx_word' id='word_1_64' title='bbox 79 1067 187 1148; x_wconf 85' lang='lat' dir='ltr'>religio</span> <span class='ocrx_word' id='word_1_65' title='bbox 210 1066 366 1146; x_wconf 83' lang='lat' dir='ltr'>dulcisque</span> <span class='ocrx_word' id='word_1_66' title='bbox 382 1074 512 1133; x_wconf 67' lang='grc' dir='ltr'>ι10000111</span> <span class='ocrx_word' id='word_1_67' title='bbox 530 1066 696 1146; x_wconf 75' lang='lat' dir='ltr'>primordia</span> <span class='ocrx_word' id='word_1_68' title='bbox 718 1067 829 1148; x_wconf 66' lang='lat' dir='ltr'>nedae,</span> 
     </span>
     <span class='ocr_line' id='line_1_11' title="bbox 78 1154 923 1236; baseline 0.002 -19"><span class='ocrx_word' id='word_1_69' title='bbox 78 1164 300 1234; x_wconf 78' lang='lat' dir='ltr'>cunctaturque</span> <span class='ocrx_word' id='word_1_70' title='bbox 322 1173 496 1235; x_wconf 69' lang='lat' dir='ltr'>nonamque</span> <span class='ocrx_word' id='word_1_71' title='bbox 520 1157 602 1234; x_wconf 83' lang='lat' dir='ltr'>cupit</span> <span class='ocrx_word' id='word_1_72' title='bbox 625 1157 795 1235; x_wconf 80' lang='lat' dir='ltr'>sociamque</span> <span class='ocrx_word' id='word_1_73' title='bbox 817 1154 923 1236; x_wconf 87' lang='lat' dir='ltr'>pericli</span> 
     </span>
    </p>
   </div>
   <div class='ocr_carea' id='block_1_3' title="bbox 456 1278 652 1357">
    <p class='ocr_par' dir='ltr' id='par_1_5' title="bbox 456 1278 652 1357">
     <span class='ocr_line' id='line_1_12' title="bbox 456 1278 652 1357; baseline 0 0"><span class='ocrx_word' id='word_1_74' title='bbox 456 1278 652 1357; x_wconf 45' lang='lat' dir='ltr'>*t*</span> 
     </span>
    </p>
   </div>
   <div class='ocr_carea' id='block_1_4' title="bbox 77 1401 1097 1751">
    <p class='ocr_par' dir='ltr' id='par_1_6' title="bbox 79 1401 812 1485">
     <span class='ocr_line' id='line_1_13' title="bbox 79 1401 812 1485; baseline -0.005 -16"><span class='ocrx_word' id='word_1_75' title='bbox 79 1405 206 1485; x_wconf 76' lang='lat' dir='ltr'>cogitat:</span> <span class='ocrx_word' id='word_1_76' title='bbox 227 1401 301 1471; x_wconf 82' lang='lat' dir='ltr'>haut</span> <span class='ocrx_word' id='word_1_77' title='bbox 323 1402 402 1473; x_wconf 72' lang='lat' dir='ltr'>ultra</span> <span class='ocrx_word' id='word_1_78' title='bbox 424 1404 513 1475; x_wconf 81' lang='lat' dir='ltr'>sociis</span> <span class='ocrx_word' id='word_1_79' title='bbox 536 1403 682 1466; x_wconf 81' lang='lat' dir='ltr'>obsistere</span> <span class='ocrx_word' id='word_1_80' title='bbox 705 1406 812 1485; x_wconf 78' lang='lat' dir='ltr'>pergit.</span> 
     </span>
    </p>

    <p class='ocr_par' dir='ltr' id='par_1_7' title="bbox 77 1489 1097 1663">
     <span class='ocr_line' id='line_1_14' title="bbox 77 1489 1097 1575; baseline -0.002 -20"><span class='ocrx_word' id='word_1_81' title='bbox 77 1491 156 1555; x_wconf 86' lang='lat' dir='ltr'>haec</span> <span class='ocrx_word' id='word_1_82' title='bbox 178 1489 231 1563; x_wconf 78' lang='lat' dir='ltr'>ubi</span> <span class='ocrx_word' id='word_1_83' title='bbox 253 1492 311 1553; x_wconf 84' lang='lat' dir='ltr'>fixa</span> <span class='ocrx_word' id='word_1_84' title='bbox 332 1493 420 1575; x_wconf 82' lang='lat' dir='ltr'>uiris,</span> <span class='ocrx_word' id='word_1_85' title='bbox 443 1499 561 1575; x_wconf 81' lang='lat' dir='ltr'>tempus</span> <span class='ocrx_word' id='word_1_86' title='bbox 583 1490 752 1570; x_wconf 83' lang='lat' dir='ltr'>fluctusque</span> <span class='ocrx_word' id='word_1_87' title='bbox 776 1493 892 1570; x_wconf 82' lang='lat' dir='ltr'>quietos</span> <span class='ocrx_word' id='word_1_88' title='bbox 1044 1502 1097 1553; x_wconf 79' lang='grc'>400</span> 
     </span>
     <span class='ocr_line' id='line_1_15' title="bbox 80 1580 916 1663; baseline 0.002 -22"><span class='ocrx_word' id='word_1_89' title='bbox 80 1588 255 1661; x_wconf 80' lang='lat' dir='ltr'>expectant:</span> <span class='ocrx_word' id='word_1_90' title='bbox 277 1582 373 1660; x_wconf 80' lang='lat' dir='ltr'><strong>ipsam</strong></span> <span class='ocrx_word' id='word_1_91' title='bbox 394 1580 522 1663; x_wconf 81' lang='lat' dir='ltr'>intenea,</span> <span class='ocrx_word' id='word_1_92' title='bbox 546 1580 616 1659; x_wconf 87' lang='lat' dir='ltr'>quid</span> <span class='ocrx_word' id='word_1_93' title='bbox 640 1586 746 1661; x_wconf 83' lang='lat' dir='ltr'>restet,</span> <span class='ocrx_word' id='word_1_94' title='bbox 769 1586 916 1643; x_wconf 74' lang='lat' dir='ltr'>amantem</span> 
     </span>
    </p>

    <p class='ocr_par' dir='ltr' id='par_1_8' title="bbox 79 1668 823 1751">
     <span class='ocr_line' id='line_1_16' title="bbox 79 1668 823 1751; baseline -0.003 -22"><span class='ocrx_word' id='word_1_95' title='bbox 79 1671 222 1751; x_wconf 76' lang='lat' dir='ltr'>ignorare</span> <span class='ocrx_word' id='word_1_96' title='bbox 245 1671 348 1731; x_wconf 83' lang='lat' dir='ltr'>sinunt</span> <span class='ocrx_word' id='word_1_97' title='bbox 371 1668 549 1748; x_wconf 79' lang='lat' dir='ltr'>decretaque</span> <span class='ocrx_word' id='word_1_98' title='bbox 573 1670 669 1731; x_wconf 80' lang='lat' dir='ltr'>tristia</span> <span class='ocrx_word' id='word_1_99' title='bbox 692 1674 823 1733; x_wconf 83' lang='lat' dir='ltr'>seruant.</span> 
     </span>
    </p>
   </div>
   <div class='ocr_carea' id='block_1_5' title="bbox 81 1773 1104 3624">
    <p class='ocr_par' dir='ltr' id='par_1_9' title="bbox 81 1773 1104 3624">
     <span class='ocr_line' id='line_1_17' title="bbox 129 1773 926 1857; baseline -0.001 -22"><span class='ocrx_word' id='word_1_100' title='bbox 129 1773 190 1836; x_wconf 85' lang='lat' dir='ltr'>Sed</span> <span class='ocrx_word' id='word_1_101' title='bbox 212 1777 304 1839; x_wconf 68' lang='lat' dir='ltr'>misen</span> <span class='ocrx_word' id='word_1_102' title='bbox 323 1783 360 1838; x_wconf 83' lang='lat' dir='ltr'>nt</span> <span class='ocrx_word' id='word_1_103' title='bbox 383 1793 490 1857; x_wconf 75' lang='lat' dir='ltr'>nanos,</span> <span class='ocrx_word' id='word_1_104' title='bbox 513 1793 603 1841; x_wconf 84' lang='lat' dir='ltr'>nenos</span> <span class='ocrx_word' id='word_1_105' title='bbox 625 1777 667 1837; x_wconf 86' lang='lat' dir='ltr'>ita</span> <span class='ocrx_word' id='word_1_106' title='bbox 690 1793 779 1855; x_wconf 81' lang='lat' dir='ltr'>saepe</span> <span class='ocrx_word' id='word_1_107' title='bbox 803 1776 926 1841; x_wconf 79' lang='lat' dir='ltr'>timores</span> 
     </span>
     <span class='ocr_line' id='line_1_18' title="bbox 81 1862 894 1944; baseline -0.004 -17"><span class='ocrx_word' id='word_1_108' title='bbox 81 1871 187 1927; x_wconf 83' lang='lat' dir='ltr'>uersat</span> <span class='ocrx_word' id='word_1_109' title='bbox 209 1882 305 1944; x_wconf 81' lang='lat' dir='ltr'>amor,</span> <span class='ocrx_word' id='word_1_110' title='bbox 328 1862 448 1942; x_wconf 84' lang='lat' dir='ltr'>lallique</span> <span class='ocrx_word' id='word_1_111' title='bbox 472 1865 543 1929; x_wconf 82' lang='lat' dir='ltr'>sinii</span> <span class='ocrx_word' id='word_1_112' title='bbox 565 1883 621 1927; x_wconf 91' lang='lat' dir='ltr'>nec</span> <span class='ocrx_word' id='word_1_113' title='bbox 642 1866 894 1944; x_wconf 69' lang='lat' dir='ltr'>ninginisannos.</span> 
     </span>
     <span class='ocr_line' id='line_1_19' title="bbox 82 1948 1099 2032; baseline -0.004 -17"><span class='ocrx_word' id='word_1_114' title='bbox 82 1970 119 2015; x_wconf 91' lang='lat' dir='ltr'>ac</span> <span class='ocrx_word' id='word_1_115' title='bbox 141 1955 225 2032; x_wconf 83' lang='lat' dir='ltr'>prior</span> <span class='ocrx_word' id='word_1_116' title='bbox 247 1954 312 2032; x_wconf 85' lang='lat' dir='ltr'>ipsa</span> <span class='ocrx_word' id='word_1_117' title='bbox 335 1948 418 2013; x_wconf 89' lang='lat' dir='ltr'>dolos</span> <span class='ocrx_word' id='word_1_118' title='bbox 442 1960 472 2015; x_wconf 84' lang='lat' dir='ltr'>et</span> <span class='ocrx_word' id='word_1_119' title='bbox 495 1952 658 2031; x_wconf 77' lang='lat' dir='ltr'>quamlibet</span> <span class='ocrx_word' id='word_1_120' title='bbox 680 1954 782 2017; x_wconf 74' lang='lat' dir='ltr'>intima</span> <span class='ocrx_word' id='word_1_121' title='bbox 805 1953 899 2015; x_wconf 86' lang='lat' dir='ltr'>sensit</span> <span class='ocrx_word' id='word_1_122' title='bbox 1044 1962 1099 2012; x_wconf 81' lang='lat'>410</span> 
     </span>
     <span class='ocr_line' id='line_1_20' title="bbox 83 2040 842 2120; baseline -0.001 -18"><span class='ocrx_word' id='word_1_123' title='bbox 83 2059 146 2102; x_wconf 92' lang='lat' dir='ltr'>non</span> <span class='ocrx_word' id='word_1_124' title='bbox 169 2041 221 2101; x_wconf 88' lang='lat' dir='ltr'>fidi</span> <span class='ocrx_word' id='word_1_125' title='bbox 242 2044 301 2102; x_wconf 87' lang='lat' dir='ltr'>iam</span> <span class='ocrx_word' id='word_1_126' title='bbox 325 2043 408 2120; x_wconf 80' lang='lat' dir='ltr'>signa</span> <span class='ocrx_word' id='word_1_127' title='bbox 430 2042 490 2105; x_wconf 87' lang='lat' dir='ltr'>uiri</span> <span class='ocrx_word' id='word_1_128' title='bbox 513 2043 696 2120; x_wconf 82' lang='lat' dir='ltr'>nimiumque</span> <span class='ocrx_word' id='word_1_129' title='bbox 718 2040 842 2105; x_wconf 79' lang='lat' dir='ltr'>silenles</span> 
     </span>
     <span class='ocr_line' id='line_1_21' title="bbox 82 2128 1032 2208; baseline 0.002 -19"><span class='ocrx_word' id='word_1_130' title='bbox 82 2130 144 2190; x_wconf 91' lang='lat' dir='ltr'>iam</span> <span class='ocrx_word' id='word_1_131' title='bbox 168 2132 300 2191; x_wconf 80' lang='lat' dir='ltr'>comites.</span> <span class='ocrx_word' id='word_1_132' title='bbox 345 2129 418 2191; x_wconf 89' lang='lat' dir='ltr'>haut</span> <span class='ocrx_word' id='word_1_133' title='bbox 439 2128 489 2193; x_wconf 85' lang='lat' dir='ltr'>illa</span> <span class='ocrx_word' id='word_1_134' title='bbox 511 2132 559 2191; x_wconf 86' lang='lat' dir='ltr'>sui</span> <span class='ocrx_word' id='word_1_135' title='bbox 582 2137 681 2191; x_wconf 71' lang='lat' dir='ltr'>nmen</span> <span class='ocrx_word' id='word_1_136' title='bbox 703 2131 860 2193; x_wconf 86' lang='lat' dir='ltr'>immemor</span> <span class='ocrx_word' id='word_1_137' title='bbox 883 2145 1032 2208; x_wconf 78' lang='lat' dir='ltr'>nmquam,</span> 
     </span>
     <span class='ocr_line' id='line_1_22' title="bbox 84 2216 913 2299; baseline 0.001 -21"><span class='ocrx_word' id='word_1_138' title='bbox 84 2235 144 2278; x_wconf 91' lang='lat' dir='ltr'>nec</span> <span class='ocrx_word' id='word_1_139' title='bbox 168 2217 275 2279; x_wconf 76' lang='lat' dir='ltr'>subitis</span> <span class='ocrx_word' id='word_1_140' title='bbox 297 2216 417 2279; x_wconf 81' lang='lat' dir='ltr'>turbata</span> <span class='ocrx_word' id='word_1_141' title='bbox 438 2220 542 2299; x_wconf 89' lang='lat' dir='ltr'>minis,</span> <span class='ocrx_word' id='word_1_142' title='bbox 564 2219 649 2297; x_wconf 85' lang='lat' dir='ltr'>prior</span> <span class='ocrx_word' id='word_1_143' title='bbox 671 2224 797 2297; x_wconf 87' lang='lat' dir='ltr'>occupat</span> <span class='ocrx_word' id='word_1_144' title='bbox 820 2234 913 2281; x_wconf 84' lang='lat' dir='ltr'>unum</span> 
     </span>
     <span class='ocr_line' id='line_1_23' title="bbox 83 2304 888 2388; baseline -0.004 -20"><span class='ocrx_word' id='word_1_145' title='bbox 83 2305 268 2386; x_wconf 76' lang='lat' dir='ltr'>Aesoniden,</span> <span class='ocrx_word' id='word_1_146' title='bbox 290 2306 437 2385; x_wconf 85' lang='lat' dir='ltr'>longeque</span> <span class='ocrx_word' id='word_1_147' title='bbox 460 2307 564 2388; x_wconf 85' lang='lat' dir='ltr'>trahit,</span> <span class='ocrx_word' id='word_1_148' title='bbox 589 2324 656 2367; x_wconf 83' lang='lat' dir='ltr'>mox</span> <span class='ocrx_word' id='word_1_149' title='bbox 679 2304 787 2367; x_wconf 82' lang='lat' dir='ltr'>talibus</span> <span class='ocrx_word' id='word_1_150' title='bbox 810 2304 888 2373; x_wconf 82' lang='lat' dir='ltr'>iniit:</span> 
     </span>
     <span class='ocr_line' id='line_1_24' title="bbox 85 2389 1100 2476; baseline -0.003 -22"><span class='ocrx_word' id='word_1_151' title='bbox 85 2389 147 2454; x_wconf 78' lang='lat' dir='ltr'>‘me</span> <span class='ocrx_word' id='word_1_152' title='bbox 171 2412 289 2474; x_wconf 88' lang='lat' dir='ltr'>qnoque</span> <span class='ocrx_word' id='word_1_153' title='bbox 314 2397 386 2472; x_wconf 89' lang='lat' dir='ltr'>quin</span> <span class='ocrx_word' id='word_1_154' title='bbox 409 2401 509 2456; x_wconf 85' lang='lat' dir='ltr'>lecum</span> <span class='ocrx_word' id='word_1_155' title='bbox 532 2395 660 2476; x_wconf 79' lang='lat' dir='ltr'>Minyae,</span> <span class='ocrx_word' id='word_1_156' title='bbox 683 2394 843 2454; x_wconf 82' lang='lat' dir='ltr'>fortissima</span> <span class='ocrx_word' id='word_1_157' title='bbox 866 2391 971 2473; x_wconf 87' lang='lat' dir='ltr'>pubes,</span> <span class='ocrx_word' id='word_1_158' title='bbox 1048 2402 1100 2452; x_wconf 81' lang='lat'>415</span> 
     </span>
     <span class='ocr_line' id='line_1_25' title="bbox 84 2479 939 2563; baseline -0.005 -19"><span class='ocrx_word' id='word_1_159' title='bbox 84 2490 175 2544; x_wconf 83' lang='lat' dir='ltr'>nocte</span> <span class='ocrx_word' id='word_1_160' title='bbox 199 2483 306 2563; x_wconf 88' lang='lat' dir='ltr'>dieque</span> <span class='ocrx_word' id='word_1_161' title='bbox 329 2479 475 2544; x_wconf 85' lang='lat' dir='ltr'>mouent?</span> <span class='ocrx_word' id='word_1_162' title='bbox 498 2484 585 2545; x_wconf 83' lang='lat' dir='ltr'>licent</span> <span class='ocrx_word' id='word_1_163' title='bbox 608 2500 787 2562; x_wconf 80' lang='lat' dir='ltr'>cognoscere</span> <span class='ocrx_word' id='word_1_164' title='bbox 811 2480 939 2561; x_wconf 85' lang='lat' dir='ltr'>tandem,</span> 
     </span>
     <span class='ocr_line' id='line_1_26' title="bbox 85 2569 845 2653; baseline -0.001 -22"><span class='ocrx_word' id='word_1_165' title='bbox 85 2572 116 2631; x_wconf 87' lang='lat' dir='ltr'>si</span> <span class='ocrx_word' id='word_1_166' title='bbox 138 2572 226 2631; x_wconf 90' lang='lat' dir='ltr'>modo</span> <span class='ocrx_word' id='word_1_167' title='bbox 248 2569 382 2634; x_wconf 82' lang='lat' dir='ltr'>Peliacae</span> <span class='ocrx_word' id='word_1_168' title='bbox 404 2590 465 2632; x_wconf 93' lang='lat' dir='ltr'>non</span> <span class='ocrx_word' id='word_1_169' title='bbox 487 2591 555 2636; x_wconf 87' lang='lat' dir='ltr'>snm</span> <span class='ocrx_word' id='word_1_170' title='bbox 578 2573 695 2653; x_wconf 83' lang='lat' dir='ltr'>captiua</span> <span class='ocrx_word' id='word_1_171' title='bbox 718 2572 845 2652; x_wconf 69' lang='lat' dir='ltr'>canuae,</span> 
     </span>
     <span class='ocr_line' id='line_1_27' title="bbox 85 2659 955 2742; baseline -0.001 -22"><span class='ocrx_word' id='word_1_172' title='bbox 85 2677 145 2720; x_wconf 89' lang='lat' dir='ltr'>nec</span> <span class='ocrx_word' id='word_1_173' title='bbox 168 2659 303 2721; x_wconf 82' lang='lat' dir='ltr'>dominos</span> <span class='ocrx_word' id='word_1_174' title='bbox 326 2661 467 2740; x_wconf 73' lang='lat' dir='ltr'>despecta</span> <span class='ocrx_word' id='word_1_175' title='bbox 489 2678 614 2742; x_wconf 78' lang='lat' dir='ltr'>sequor,</span> <span class='ocrx_word' id='word_1_176' title='bbox 637 2659 831 2739; x_wconf 81' lang='lat' dir='ltr'>consultaque</span> <span class='ocrx_word' id='word_1_177' title='bbox 854 2666 955 2721; x_wconf 82' lang='lat' dir='ltr'>uestra</span> 
     </span>
     <span class='ocr_line' id='line_1_28' title="bbox 86 2747 859 2830; baseline 0.001 -23"><span class='ocrx_word' id='word_1_178' title='bbox 86 2747 134 2808; x_wconf 82' lang='lat' dir='ltr'>fas</span> <span class='ocrx_word' id='word_1_179' title='bbox 158 2749 259 2810; x_wconf 84' lang='lat' dir='ltr'>andire</span> <span class='ocrx_word' id='word_1_180' title='bbox 283 2748 365 2810; x_wconf 83' lang='lat' dir='ltr'>mihi</span> <span class='ocrx_word' id='word_1_181' title='bbox 410 2767 532 2830; x_wconf 80' lang='lat' dir='ltr'>uereor,</span> <span class='ocrx_word' id='word_1_182' title='bbox 554 2749 696 2811; x_wconf 80' lang='lat' dir='ltr'>fidissime</span> <span class='ocrx_word' id='word_1_183' title='bbox 719 2750 859 2828; x_wconf 82' lang='lat' dir='ltr'>coniunx,</span> 
     </span>
     <span class='ocr_line' id='line_1_29' title="bbox 86 2835 1103 2918; baseline -0.003 -21"><span class='ocrx_word' id='word_1_184' title='bbox 86 2835 131 2897; x_wconf 88' lang='lat' dir='ltr'>nil</span> <span class='ocrx_word' id='word_1_185' title='bbox 149 2837 306 2918; x_wconf 75' lang='lat' dir='ltr'>¹equidem;</span> <span class='ocrx_word' id='word_1_186' title='bbox 327 2839 472 2903; x_wconf 65' lang='lat' dir='ltr'>muctare</span> <span class='ocrx_word' id='word_1_187' title='bbox 495 2846 594 2903; x_wconf 79' lang='lat' dir='ltr'>tamen</span> <span class='ocrx_word' id='word_1_188' title='bbox 616 2838 822 2916; x_wconf 82' lang='lat' dir='ltr'>promissaque</span> <span class='ocrx_word' id='word_1_189' title='bbox 845 2853 934 2897; x_wconf 80' lang='lat' dir='ltr'>senna</span> <span class='ocrx_word' id='word_1_190' title='bbox 1049 2844 1103 2894; x_wconf 75' lang='lat'>420</span> 
     </span>
     <span class='ocr_line' id='line_1_30' title="bbox 85 2923 866 3004; baseline 0.005 -19"><span class='ocrx_word' id='word_1_191' title='bbox 85 2943 185 3003; x_wconf 84' lang='lat' dir='ltr'>usque</span> <span class='ocrx_word' id='word_1_192' title='bbox 209 2926 245 2986; x_wconf 86' lang='lat' dir='ltr'>ad</span> <span class='ocrx_word' id='word_1_193' title='bbox 267 2924 454 2991; x_wconf 82' lang='lat' dir='ltr'>Thessalicos</span> <span class='ocrx_word' id='word_1_194' title='bbox 477 2925 580 2988; x_wconf 82' lang='lat' dir='ltr'>saltem</span> <span class='ocrx_word' id='word_1_195' title='bbox 602 2923 730 2993; x_wconf 75' lang='lat' dir='ltr'>conesbia</span> <span class='ocrx_word' id='word_1_196' title='bbox 751 2931 866 3004; x_wconf 77' lang='lat' dir='ltr'>portus,</span> 
     </span>
     <span class='ocr_line' id='line_1_31' title="bbox 86 3010 943 3094; baseline -0.004 -20"><span class='ocrx_word' id='word_1_197' title='bbox 86 3015 182 3092; x_wconf 87' lang='lat' dir='ltr'>inque</span> <span class='ocrx_word' id='word_1_198' title='bbox 205 3021 256 3076; x_wconf 88' lang='lat' dir='ltr'>tna</span> <span class='ocrx_word' id='word_1_199' title='bbox 278 3032 326 3076; x_wconf 90' lang='lat' dir='ltr'>me</span> <span class='ocrx_word' id='word_1_200' title='bbox 348 3033 459 3094; x_wconf 86' lang='lat' dir='ltr'>sperne</span> <span class='ocrx_word' id='word_1_201' title='bbox 481 3014 578 3079; x_wconf 80' lang='lat' dir='ltr'>domo.</span> <span class='ocrx_word' id='word_1_202' title='bbox 623 3015 684 3074; x_wconf 88' lang='lat' dir='ltr'>scis</span> <span class='ocrx_word' id='word_1_203' title='bbox 706 3020 736 3073; x_wconf 84' lang='lat' dir='ltr'>le</span> <span class='ocrx_word' id='word_1_204' title='bbox 759 3010 832 3075; x_wconf 85' lang='lat' dir='ltr'>mihi</span> <span class='ocrx_word' id='word_1_205' title='bbox 851 3017 943 3090; x_wconf 76' lang='lat' dir='ltr'>cerie,</span> 
     </span>
     <span class='ocr_line' id='line_1_32' title="bbox 87 3099 859 3166; baseline -0.001 -5"><span class='ocrx_word' id='word_1_206' title='bbox 87 3120 152 3162; x_wconf 91' lang='lat' dir='ltr'>non</span> <span class='ocrx_word' id='word_1_207' title='bbox 175 3105 273 3163; x_wconf 89' lang='lat' dir='ltr'>socios</span> <span class='ocrx_word' id='word_1_208' title='bbox 295 3105 410 3165; x_wconf 84' lang='lat' dir='ltr'>iurasse</span> <span class='ocrx_word' id='word_1_209' title='bbox 434 3111 510 3166; x_wconf 85' lang='lat' dir='ltr'>tuos.</span> <span class='ocrx_word' id='word_1_210' title='bbox 554 3101 587 3165; x_wconf 89' lang='lat' dir='ltr'>hi</span> <span class='ocrx_word' id='word_1_211' title='bbox 609 3099 735 3164; x_wconf 77' lang='lat' dir='ltr'>ieddere</span> <span class='ocrx_word' id='word_1_212' title='bbox 759 3100 859 3161; x_wconf 82' lang='lat' dir='ltr'>forsan</span> 
     </span>
     <span class='ocr_line' id='line_1_33' title="bbox 88 3189 916 3271; baseline -0.004 -20"><span class='ocrx_word' id='word_1_213' title='bbox 88 3191 136 3251; x_wconf 80' lang='lat' dir='ltr'>fas</span> <span class='ocrx_word' id='word_1_214' title='bbox 158 3189 299 3271; x_wconf 84' lang='lat' dir='ltr'>habeant,</span> <span class='ocrx_word' id='word_1_215' title='bbox 322 3190 376 3251; x_wconf 82' lang='lat' dir='ltr'>cibi</span> <span class='ocrx_word' id='word_1_216' title='bbox 398 3209 459 3253; x_wconf 91' lang='lat' dir='ltr'>non</span> <span class='ocrx_word' id='word_1_217' title='bbox 482 3191 584 3253; x_wconf 83' lang='lat' dir='ltr'>eadem</span> <span class='ocrx_word' id='word_1_218' title='bbox 606 3191 752 3271; x_wconf 81' lang='lat' dir='ltr'>permissa</span> <span class='ocrx_word' id='word_1_219' title='bbox 774 3196 916 3269; x_wconf 78' lang='lat' dir='ltr'>poteslas.</span> 
     </span>
     <span class='ocr_line' id='line_1_34' title="bbox 87 3276 1104 3361; baseline -0.009 -21"><span class='ocrx_word' id='word_1_220' title='bbox 87 3287 181 3356; x_wconf 85' lang='lat' dir='ltr'>teque</span> <span class='ocrx_word' id='word_1_221' title='bbox 205 3279 294 3340; x_wconf 87' lang='lat' dir='ltr'>simul</span> <span class='ocrx_word' id='word_1_222' title='bbox 316 3297 435 3341; x_wconf 88' lang='lat' dir='ltr'>mecum</span> <span class='ocrx_word' id='word_1_223' title='bbox 457 3283 520 3360; x_wconf 90' lang='lat' dir='ltr'>ipsa</span> <span class='ocrx_word' id='word_1_224' title='bbox 544 3279 671 3361; x_wconf 82' lang='lat' dir='ltr'>traham;</span> <span class='ocrx_word' id='word_1_225' title='bbox 694 3296 754 3341; x_wconf 91' lang='lat' dir='ltr'>non</span> <span class='ocrx_word' id='word_1_226' title='bbox 778 3276 840 3338; x_wconf 90' lang='lat' dir='ltr'>sola</span> <span class='ocrx_word' id='word_1_227' title='bbox 863 3293 1005 3356; x_wconf 74' lang='lat' dir='ltr'>reposcos</span> <span class='ocrx_word' id='word_1_228' title='bbox 1050 3283 1104 3334; x_wconf 74' lang='grc'>400</span> 
     </span>
     <span class='ocr_line' id='line_1_35' title="bbox 88 3362 1011 3447; baseline -0.005 -18"><span class='ocrx_word' id='word_1_229' title='bbox 88 3370 179 3447; x_wconf 84' lang='lat' dir='ltr'>uirgo</span> <span class='ocrx_word' id='word_1_230' title='bbox 203 3386 330 3447; x_wconf 83' lang='lat' dir='ltr'>nocens,</span> <span class='ocrx_word' id='word_1_231' title='bbox 352 3377 441 3447; x_wconf 79' lang='lat' dir='ltr'>alque</span> <span class='ocrx_word' id='word_1_232' title='bbox 460 3367 519 3435; x_wconf 75' lang='lat' dir='ltr'>nac</span> <span class='ocrx_word' id='word_1_233' title='bbox 541 3369 654 3447; x_wconf 83' lang='lat' dir='ltr'>pariter</span> <span class='ocrx_word' id='word_1_234' title='bbox 676 3376 740 3430; x_wconf 83' lang='lat' dir='ltr'>rate</span> <span class='ocrx_word' id='word_1_235' title='bbox 763 3367 893 3446; x_wconf 76' lang='lat' dir='ltr'>fugimus</span> <span class='ocrx_word' id='word_1_236' title='bbox 916 3362 1011 3427; x_wconf 85' lang='lat' dir='ltr'>ambo.</span> 
     </span>
     <span class='ocr_line' id='line_1_36' title="bbox 88 3454 835 3535; baseline 0 -18"><span class='ocrx_word' id='word_1_237' title='bbox 88 3474 129 3517; x_wconf 92' lang='lat' dir='ltr'>an</span> <span class='ocrx_word' id='word_1_238' title='bbox 153 3454 256 3516; x_wconf 78' lang='lat' dir='ltr'>fratris</span> <span class='ocrx_word' id='word_1_239' title='bbox 279 3464 307 3515; x_wconf 84' lang='lat' dir='ltr'>te</span> <span class='ocrx_word' id='word_1_240' title='bbox 330 3454 406 3518; x_wconf 87' lang='lat' dir='ltr'>bella</span> <span class='ocrx_word' id='word_1_241' title='bbox 430 3459 489 3517; x_wconf 87' lang='lat' dir='ltr'>mei</span> <span class='ocrx_word' id='word_1_242' title='bbox 506 3459 683 3535; x_wconf 77' lang='lat' dir='ltr'>¹patriaeque</span> <span class='ocrx_word' id='word_1_243' title='bbox 705 3454 835 3517; x_wconf 80' lang='lat' dir='ltr'>biremes</span> 
     </span>
     <span class='ocr_line' id='line_1_37' title="bbox 88 3540 890 3624; baseline -0.002 -18"><span class='ocrx_word' id='word_1_244' title='bbox 88 3543 260 3606; x_wconf 81' lang='lat' dir='ltr'>terrificant</span> <span class='ocrx_word' id='word_1_245' title='bbox 282 3562 448 3623; x_wconf 76' lang='lat' dir='ltr'>magnoque</span> <span class='ocrx_word' id='word_1_246' title='bbox 471 3547 556 3624; x_wconf 81' lang='lat' dir='ltr'>inpar</span> <span class='ocrx_word' id='word_1_247' title='bbox 579 3545 697 3623; x_wconf 76' lang='lat' dir='ltr'>urgeris</span> <span class='ocrx_word' id='word_1_248' title='bbox 718 3542 757 3605; x_wconf 83' lang='lat' dir='ltr'>ab</span> <span class='ocrx_word' id='word_1_249' title='bbox 780 3540 890 3607; x_wconf 75' lang='lat' dir='ltr'>nosse?</span> 
     </span>
    </p>
   </div>
   <div class='ocr_carea' id='block_1_6' title="bbox 0 0 1200 3938">
    <p class='ocr_par' dir='ltr' id='par_1_10' title="bbox 0 0 1200 3938">
     <span class='ocr_line' id='line_1_38' title="bbox 0 0 1200 3938; baseline 0 0"><span class='ocrx_word' id='word_1_250' title='bbox 0 0 1200 3938; x_wconf 95' lang='lat' dir='ltr'> </span> 
     </span>
    </p>
   </div>
  </div>
 </body>
</html>
