2376 3938
326 217 616 307 oeconomicon
634 219 744 274 LIBER
761 220 809 275 IV.
1029 219 1072 284 81

54 365 121 430 “ne
145 385 236 429 uanas
259 367 387 446 inpende
410 384 516 446 preces
539 368 689 445 finemque
711 366 856 427 malorum

59 465 182 537 expete,
205 454 384 535 Agenoride3
407 461 533 534 pontum
555 458 758 534 penetrauerit
780 454 840 515 ulla

57 563 130 608 oum
152 547 224 604 ratis
249 553 278 604 et
300 543 396 604 rubidi
420 545 558 604 steterint
579 546 611 604 in
634 545 751 622 gurgite
773 551 899 624 montes,

59 643 133 694 tunc
156 650 277 712 sperare
301 632 423 693 modum
444 649 559 711 poenae
581 634 760 710 ueniamque
783 627 917 691 licebit.''

33 719 209 782 eredens.
256 728 307 781 aut
329 720 416 781 uobis
440 739 511 798 ergo
534 721 597 780 iera
620 738 689 780 saxa
710 727 869 799 patescunt
1018 731 1072 781 080

57 817 111 869 001
131 825 198 869 mea
220 810 280 869 iam
302 826 408 869 saeuae
429 806 559 868 redeunt
580 808 617 868 ad
639 808 752 887 pabula'
768 808 864 869 hirae.

58 914 168 958 uerum
188 899 269 958 inter
289 895 400 956 medias
423 895 541 956 dabitur
564 898 590 956 si
613 914 735 957 currere
758 904 860 958 cautes

59 977 158 1066 (certe
181 984 270 1062 digna
292 977 412 1065 manus)
435 1001 623 1063 uacuumque
647 984 743 1044 exibis
764 987 795 1045 in
819 1003 940 1064 aequor,

58 1075 194 1151 proxima
217 1091 308 1150 regna
330 1072 415 1152 Lyci,
437 1078 552 1132 remeat
574 1075 626 1149 qui
647 1073 747 1132 uictor
769 1072 806 1132 ab
828 1076 891 1133 oris

57 1159 225 1238 Bebryciis:
247 1167 310 1220 toto
334 1178 394 1220 non
417 1159 496 1219 ullus
518 1160 605 1220 litore
629 1159 717 1220 Ponti
1019 1171 1072 1222 000

58 1249 168 1307 mitior.
213 1246 262 1307 hic
285 1248 362 1308 lecto
386 1250 528 1308 comitum
551 1248 588 1307 de
611 1247 719 1309 robore
743 1252 860 1328 siquem

57 1335 222 1415 perculerit
244 1338 342 1395 uicina
365 1335 443 1416 lues,
465 1354 503 1396 ne
527 1335 620 1397 defice
643 1355 730 1397 casus

56 1423 203 1503 praedicti
226 1441 339 1483 memor
363 1423 458 1501 adque
482 1426 595 1484 animos
619 1426 740 1502 accinge
763 1425 880 1485 futuris.
958 1494 963 1504 g

56 1511 119 1570 illic
141 1512 298 1588 pestiferas
321 1510 426 1571 subter
448 1513 517 1588 iuga
540 1529 671 1571 concaua
694 1519 815 1589 torquet

56 1598 133 1659 alter
156 1617 247 1676 aquas
269 1599 406 1659 Acheron
429 1607 574 1677 uastoque
598 1598 727 1659 exundat
749 1599 832 1659 hiatu
1021 1610 1071 1660 teo

58 1687 189 1767 fumeus,
213 1693 244 1746 et
267 1705 353 1747 caeca
375 1689 487 1765 tegitur
510 1687 634 1765 caligine
658 1702 792 1764 campus:

57 1775 159 1854 linque
183 1793 305 1853 grauem
327 1775 453 1836 fluuium
476 1783 507 1835 01
529 1777 646 1835 miseris
669 1793 723 1835 sua
746 1776 804 1835 lata
827 1776 948 1837 colonis.
991 1832 994 1837 ,

58 1865 102 1924 sic
126 1881 244 1941 qnoque
268 1882 328 1924 non
351 1883 411 1923 uno
434 1862 554 1923 dabitur
576 1871 783 1924 transcurrere
806 1863 897 1923 luctu.

58 1951 130 2029 quid
153 1950 208 2009 tibi
231 1950 368 2012 nubifera
391 1959 564 2029 surgentem
586 1970 661 2030 rupe
685 1951 850 2032 Carambin,

58 2038 130 2117 quid
149 2057 320 2120 memorem,
344 2057 418 2118 quas
440 2039 497 2100 lris
515 2058 607 2118 aquas
629 2049 680 2100 aut
703 2047 840 2119 torqueat
858 2035 982 2100 Ancon?
1019 2052 1072 2102 000

57 2128 191 2206 proxima
215 2126 405 2187 Thermodon
427 2127 497 2187 huic
520 2129 579 2188 iarn
602 2135 682 2188 secat
705 2147 777 2188 arua
799 2128 919 2189 fluento.

57 2214 158 2276 inclita
181 2214 392 2276 Amazonidum
414 2234 580 2295 magnoque
604 2223 706 2277 exorta
729 2215 858 2276 Gradiuo

56 2321 131 2382 gens
155 2302 208 2382 ibi;
232 2305 374 2364 femineas
397 2323 453 2364 nec
476 2312 509 2365 tu
532 2323 612 2365 0000
636 2304 725 2364 crede
749 2312 893 2384 cateruae,

58 2391 112 2451 sed
136 2391 243 2472 qualis,
267 2391 318 2451 sed
343 2400 452 2471 quanta
475 2395 550 2454 uiris
572 2393 695 2452 insultat
717 2391 800 2471 Enyo

58 2478 186 2556 diuaque
210 2479 358 2558 Gorgonei
380 2483 522 2560 gestatrix
544 2481 656 2541 innuba
678 2482 811 2542 monstri.
1018 2492 1072 2542 000

58 2585 96 2626 00
121 2566 174 2627 tibi
197 2576 269 2627 tnnc
291 2568 441 2630 horrenda
462 2589 552 2649 rapax
576 2570 612 2630 ad
635 2569 722 2630 litora
743 2588 874 2650 puppem

58 2664 168 2714 uentus
192 2665 270 2736 agat,
294 2656 363 2717 ludo
386 2658 513 2719 uolitans
537 2676 606 2719 com
629 2667 727 2719 turma
750 2658 880 2736 superbo

58 2743 211 2821 pulnereis
236 2744 348 2804 exultat
371 2748 456 2822 equis
479 2745 649 2824 ululataque
673 2746 760 2807 tellus

58 2833 192 2891 intremit
215 2839 245 2890 et
267 2849 381 2908 pugnas
404 2839 483 2892 mota
505 2840 590 2909 pater
612 2836 717 2893 incitat
738 2833 831 2893 hasta.
935 2886 959 2895 ,,

58 2937 119 2978 000
142 2922 183 2978 ita
207 2920 245 2977 sit
268 2918 427 2978 metuenda
450 2919 504 2978 tibi
527 2922 700 2979 saeuissime
723 2937 902 2997 quamquam
1019 2929 1074 2977 010

57 3025 131 3086 gens
156 3004 330 3085 Chalybum,
354 3006 436 3066 duris
459 3007 574 3084 patiens
597 3009 646 3066 cui
669 3005 767 3066 cultus
790 3009 821 3065 in
844 3008 925 3065 aruis

58 3102 88 3154 et
111 3100 194 3151 tonat
217 3092 332 3151 adllicta
355 3111 472 3171 semper
495 3093 600 3154 domus
624 3096 710 3172 ignea
733 3111 837 3152 massa.

56 3181 126 3242 inde
151 3198 269 3240 omnem
291 3183 441 3242 innumeri
462 3200 549 3260 reges
571 3200 626 3261 per
649 3182 745 3242 litoris
767 3199 858 3262 oram,

56 3270 178 3348 hospitii
201 3272 268 3348 quis
287 3269 367 3330 nulla
390 3268 476 3350 lides3
500 3270 552 3331 sed
575 3272 667 3331 limite
691 3278 774 3330 recto

55 3360 165 3436 puppis
189 3366 219 3419 et
241 3359 356 3438 aequali
379 3367 564 3421 transcurrat
587 3359 727 3420 carbasus
751 3377 831 3419 aura.
1015 3369 1068 3420 615

57 3448 100 3506 sic
124 3444 243 3508 demum
265 3449 361 3528 rapidi
383 3451 487 3510 uenies
510 3447 546 3508 ad
569 3448 704 3509 Phasidis
726 3465 852 3508 amnem,

56 3541 153 3594 castra
175 3535 216 3595 ibi
239 3539 298 3596 iam
322 3537 458 3618 Scythiae
481 3538 677 3621 fraternaque
700 3538 805 3617 surgit
818 3535 955 3612 hirinys.

35 3682 38 3688 ,
106 3643 153 3682 Vei,
166 3645 271 3686 Flaccus.
791 3647 796 3654 '
875 3641 898 3688 ἦ
