2376 3938
96 192 162 258 184
264 189 481 248 confluam
500 190 577 246 CUM
595 188 753 246 DlllDllllO
773 187 963 247 commo,

96 376 163 422 non
194 355 267 439 ipse
297 353 426 438 quidem
454 352 533 417 deus
564 356 629 436 est,
659 352 714 418 sed
742 351 794 416 dei
821 351 944 417 amicus
973 350 1125 418 efficitur.

98 442 164 510 Cur
191 447 311 526 autem,
336 462 466 526 quaeso,
489 441 597 510 visum
621 444 672 506 est
693 440 760 507 tili
781 462 840 506 nos
863 440 1070 506 continenter
1094 444 1128 506 et

97 533 151 617 pie
177 532 324 599 viventes
354 531 458 595 dicere
486 529 565 596 deos
593 551 664 594 esse
691 530 744 595 vel
771 531 857 595 certe
883 529 1028 595 invidere
1053 529 1125 614 deo,

99 621 263 706 siquidem
284 620 401 685 iustius
425 619 459 682 in
479 640 538 684 vos
556 618 643 685 cadit
661 619 725 683 ista
744 616 907 701 suspicio?
944 615 1032 683 Nam
1052 639 1127 682 cum

74 709 291 795 esuperbiam
315 711 460 774 vestram
483 707 605 771 nimiae
628 706 795 771 felicitatis
818 710 929 772 tumor
951 706 1128 790 inflaverit,

102 798 199 864 obliti
230 797 317 881 quod
348 819 387 861 ex
417 796 607 860 hominibus
638 796 732 879 estis,
762 795 901 859 firmatis
932 796 1028 859 deum
1059 815 1129 859 non

101 908 216 952 curare
241 886 280 950 de
303 884 508 951 mortalibus.
545 882 720 953 Vobismet
738 884 819 969 ipsis
837 883 961 966 templa
979 882 1128 947 fundatis

102 979 202 1060 atque
228 996 301 1038 aras
327 973 451 1058 erigitis
480 976 513 1038 et
542 972 822 1037 immolationibus
844 971 1003 1055 pecudum
1028 973 1128 1037 laeta·

103 1064 185 1128 mini
209 1083 269 1127 vos
293 1062 448 1126 invocari.
494 1060 567 1126 Hoc
589 1062 676 1146 patri
699 1060 863 1142 videlicet,
890 1061 954 1125 hoc
984 1082 1046 1126 avo
1069 1064 1129 1125 tuo

62 1148 92 1216 10³
106 1151 297 1234 cunctisque
316 1150 508 1233 parentibus
533 1154 658 1214 certum
682 1152 732 1214 est
750 1149 837 1233 fieri,
860 1149 922 1215 hoc
946 1151 1047 1213 etiam
1066 1148 1129 1214 tibi

105 1238 314 1323 pyramidum
337 1238 477 1303 forsitan
499 1239 665 1321 promittit
688 1238 875 1303 exstructio.
922 1236 1130 1321 Quapropter

106 1329 251 1392 furiosos
283 1326 391 1391 verius
424 1347 484 1391 vos
523 1347 593 1391 esse
631 1327 781 1409 dixerim,
819 1326 874 1410 qui
906 1327 990 1411 quod
1029 1326 1129 1412 agitis

105 1415 287 1504 ignoratis,
319 1418 376 1488 aut
408 1416 437 1478 si
471 1415 567 1480 deum
599 1416 736 1483 scientes
772 1415 992 1498 contemnitis,
1030 1415 1129 1480 sacri·

106 1506 186 1590 legii
219 1508 313 1569 reatu
345 1504 512 1569 tenemini.
569 1502 651 1569 Cum
690 1524 767 1588 ergo
801 1503 967 1568 caecitatis
1000 1507 1129 1569 vestrae

66 1618 92 1658 15
106 1595 262 1659 tenebras
291 1596 378 1657 recte
402 1593 608 1680 cernentibus
638 1593 811 1676 applicatis
841 1595 873 1656 et
902 1593 1046 1656 animum
1075 1614 1129 1657 no·

109 1692 213 1748 strum
236 1682 297 1748 tali
319 1683 466 1747 convicio
492 1682 661 1763 sauciatis,
689 1704 757 1746 non
780 1681 901 1764 initis,
927 1685 965 1745 ut
988 1680 1128 1744 miseriis

108 1771 229 1836 vestris
257 1772 411 1837 lacrimas
438 1771 572 1854 saltem,
602 1769 687 1853 quod
719 1773 770 1834 est
800 1772 981 1834 extremum
1010 1791 1129 1833 munus

109 1859 326 1944 pereuntium,
346 1859 575 1944 dependamus.
598 1858 704 1924 Valde
719 1859 804 1923 enim
823 1857 1023 1923 lamentandi
1043 1859 1132 1942 estis,

110 1949 228 2035 quibus
247 1948 459 2032 inexpiabiles
478 1971 538 2034 pro
558 1948 737 2013 divinitatis
761 1947 881 2012 iniuria
898 1967 1020 2030 poenae
1040 1969 1131 2029 prae

70 2061 96 2100 rc
110 2041 284 2123 parantur,
315 2058 452 2120 quarum
480 2038 697 2102 certissimum
725 2036 954 2101 documentum
983 2038 1038 2099 est'
1063 2033 1132 2100 Sal·

111 2127 220 2190 monei
244 2125 332 2190 iusta
357 2126 537 2208 damnatio,
565 2126 621 2209 qui
649 2126 811 2210 fulgorem
842 2123 971 2208 superni
996 2124 1131 2188 luminis

113 2214 305 2295 aemulatus,
325 2215 411 2298 quod
429 2215 630 2293 imitabatur,
654 2218 805 2297 expertus
825 2218 883 2292 est,
905 2214 956 2277 vel
974 2212 1132 2277 Enceladi

112 2302 294 2385 sepultura,
322 2303 377 2386 qui
404 2304 478 2384 quio
501 2303 653 2367 violentis
681 2303 812 2367 ausibus
842 2301 977 2386 aggredi
1005 2303 1132 2366 coelum

112 2390 263 2453 manibus
286 2390 402 2473 voluit,
425 2392 584 2474 premitur
606 2392 732 2456 tumulo
756 2393 879 2456 montis
903 2389 1007 2475 igniti.
1046 2390 1134 2454 Tali·

72 2499 98 2538 2⁵
113 2479 174 2542 bus
206 2482 429 2629 remunleratur
461 2479 658 2563 honoribus,
694 2480 749 2562 qui
782 2501 816 2545 se
852 2492 925 2544 non
951 2482 1151 2564 agnoscunt.

114 2587 185 2631 esse
207 2569 315 2630 morta
331 2587 373 2630 es.
423 2596 425 2599 ·
465 2589 468 2594 ·

206 2763 219 2810 1
241 2756 299 2827 dei]
326 2757 394 2811 deus
418 2757 453 2813 L.
528 2765 543 2812 3
564 2759 631 2812 deos
654 2759 728 2830 esse]
753 2758 806 2813 diis
829 2759 864 2813 Β.
940 2758 1076 2813 diustius
1096 2760 1134 2813 B.

115 2826 423 2888 istiusmodo.
467 2828 643 2897 doblitique
661 2829 697 2883 B.
725 2847 782 2884 non
800 2847 850 2886 om.
871 2831 905 2887 L.
915 2831 948 2884 P.
992 2831 1062 2884 tde
1081 2846 1133 2886 one.

115 2899 189 2960 L.P.
258 2897 420 2956 9invcoari
438 2899 475 2954 R.
503 2899 601 2954 vocari
619 2906 666 2954 eet.
703 2902 752 2954 tuo
771 2901 807 2957 R.
827 2916 876 2956 om.
897 2906 944 2956 cet.
1019 2905 1050 2954 11
1071 2918 1137 2970 pro·

115 2969 291 3029 mittitur.
317 2970 476 3041 praemittit
485 2972 519 3028 L.
564 2970 685 3026 ermittit
697 2971 730 3024 P.
768 2973 920 3027 exstructio
930 2973 967 3027 R.
986 2971 1136 3028 instructio

116 3047 163 3101 cet.
283 3042 506 3098 ravennium.
561 3084 566 3097 .
681 3048 715 3096 14
737 3043 891 3098 teneamini
915 3043 991 3099 P.B.
1031 3058 1079 3096 eur
1103 3045 1137 3100 P.

118 3119 152 3171 lo
171 3112 313 3185 convicio]
346 3113 485 3184 supplicio
505 3114 540 3168 R.
569 3113 727 3168 sauciantes
746 3114 780 3167 L.
843 3119 875 3169 18
895 3114 1081 3186 depensamus
1101 3116 1137 3170 L.

117 3184 309 3254 depandamus
323 3184 360 3242 R.
444 3191 476 3241 19
495 3183 666 3254 inexpiabile
680 3185 715 3239 L.
743 3182 951 3254 inexplicabilis
966 3184 1000 3239 P.
1035 3184 1137 3243 divini·

118 3257 178 3310 tate
196 3255 316 3315 iniuriae
331 3255 368 3311 R.
396 3272 505 3326 poenae
524 3273 574 3311 om.
594 3256 628 3310 L.
652 3271 745 3324 poena
763 3259 948 3325 praeparatur
963 3255 995 3310 P.
1034 3261 1068 3314 22
1088 3257 1137 3311 vel

118 3341 168 3381 om.
183 3325 219 3380 R.
256 3332 290 3380 23
310 3327 451 3394 quirin.
471 3343 543 3396 quae
557 3325 631 3382 L.P.
665 3325 732 3395 quia
750 3328 865 3396 scripsi;
884 3327 951 3381 dum
965 3328 1002 3384 B.
1022 3343 1071 3382 om.
1088 3333 1139 3382 cet.

117 3402 152 3450 24
171 3396 301 3450 manibus
316 3413 366 3453 om.
381 3398 416 3454 R.
437 3397 585 3468 premitur]
600 3395 793 3468 praemittitur
807 3399 841 3457 L.
879 3403 914 3452 25
935 3401 1092 3468 agnoscant
1101 3399 1138 3454 R.

118 3469 292 3533 cognoscunt
309 3466 343 3522 Ρ.
