2376 3938
106 191 172 257 204
226 190 401 250 semrom
419 189 636 247 animuum
654 189 705 245 nu
723 170 994 246 misroranau.

195 352 272 418 Mox
295 353 419 419 contuli
445 374 517 419 cum
540 352 629 418 Indis
654 374 788 418 manum
812 352 1037 437 superatisque
1062 353 1126 435 his,

106 443 155 509 uti
178 442 341 526 volebam,
369 446 480 526 erepta
507 442 606 506 armis
628 440 714 507 Poro
738 462 840 524 regna
863 441 1001 506 restitui
1051 441 1126 527 Qui,

106 536 143 597 ut
166 530 196 596 ei
219 535 370 614 superato
394 531 498 596 honor
525 532 620 595 datus
648 534 711 614 est,
738 529 822 593 mihi
844 529 1017 594 thesauros
1046 552 1123 596 suos

107 620 344 702 manifestarit,
373 641 453 704 quos
477 640 548 684 esse
575 618 782 704 ignorabam,
810 618 989 701 exquibus
1014 624 1125 684 meet

79 709 242 777 scomites
270 729 359 772 meos
387 711 421 772 et
446 707 632 772 universum
662 707 838 772 exercitum
866 707 981 771 ditavit
1003 706 1124 772 factus-

107 820 169 883 que
200 800 250 861 est
280 796 402 861 amicus
433 817 472 860 ex
500 796 596 860 hoste
626 795 868 862 Macedonibus.
919 795 984 860 Ast
1017 799 1051 860 et
1083 796 1123 861 ad

107 885 257 950 Herculis
277 884 449 968 Liberique
468 883 626 968 trophaea
649 906 700 948 me
719 883 851 947 deduxit
869 884 903 947 in
922 883 1056 948 orientis
1075 886 1123 948 ul·

107 975 197 1039 timis
226 973 305 1057 oris3
333 994 431 1038 aurea
456 976 593 1058 utraque
622 973 756 1037 deorum
785 973 1001 1037 constituerat
1024 972 1123 1037 simu-

106 1064 205 1129 lacra.
251 1062 341 1137 Quae
365 1083 406 1124 an
430 1062 535 1126 solida
559 1065 681 1144 essent,
709 1080 769 1144 ego
794 1061 875 1125 scire
899 1061 1030 1145 cupiens
1055 1083 1123 1126 om-

69 1177 95 1217 1o
108 1151 163 1215 nia
185 1150 266 1213 iussi
289 1149 461 1232 perforari,
489 1154 521 1213 et
549 1149 717 1233 idipsum
745 1171 818 1213 cum
842 1149 995 1214 vidissem
1019 1150 1125 1214 solida

109 1259 188 1316 esse,
213 1237 311 1302 simili
329 1238 462 1301 metallo
482 1238 644 1320 complevi
663 1240 695 1301 et
713 1237 886 1302 Herculem
905 1237 1124 1323 Liberumque

109 1326 241 1391 deiectis
265 1325 447 1389 simulacris
472 1325 613 1390 victimis
637 1325 846 1409 complacari.

196 1413 293 1479 Ultra
307 1413 421 1478 deinde
436 1415 665 1498 progressuris‚
684 1415 812 1499 siquod
827 1414 1037 1479 memorabile
1057 1437 1125 1480 cer-

107 1525 267 1587 neremus,
290 1502 373 1567 nihil
395 1504 525 1586 praeter
543 1503 687 1567 desertas
711 1503 745 1567 in
769 1524 889 1568 oceano
914 1503 1015 1567 silvas
1036 1525 1125 1568 cam-

68 1617 94 1658 15
108 1613 231 1677 pesque
256 1613 293 1656 ao
316 1595 442 1656 montes
465 1591 707 1675 inhabitabiles,
732 1591 915 1673 elephantis
939 1595 972 1656 et
996 1613 1125 1675 serpen-

108 1683 197 1746 tibus
209 1681 328 1764 plcaos,
347 1700 417 1744 esse
436 1681 612 1745 dicebatur.
645 1680 826 1765 Pergebam
842 1683 951 1746 tamen
971 1680 1012 1744 ad
1026 1702 1126 1764 mare,

107 1775 145 1835 ut
172 1770 200 1834 si
228 1791 358 1852 possem
385 1767 438 1834 vel
462 1770 573 1833 orbem
596 1773 756 1833 terrarum
787 1768 1008 1833 circumfluam
1036 1770 1125 1834 navi·

109 1878 186 1943 gare
211 1879 375 1923 oceanum.
416 1857 518 1933 Quem
543 1858 697 1942 quoniam
721 1857 929 1921 tenebrosum
955 1857 1125 1923 vadosum·

109 1968 170 2032 que
190 1946 271 2010 mihi
289 1946 435 2011 locorum
455 1945 581 2011 incolae
600 1945 809 2010 affirmabant
833 1949 866 2009 et
884 1945 970 2030 quod
991 1944 1126 2011 Herculi

69 2059 95 2100 ro
110 2039 141 2100 et
164 2033 283 2100 Libero
307 2035 395 2099 ultra
414 2034 519 2099 visum
538 2056 603 2099 non
627 2037 713 2098 esset
733 2035 891 2117 accedere,
915 2035 1126 2119 praestantis·

111 2123 202 2187 simis
231 2124 308 2207 diis,
338 2126 431 2188 tanto
460 2123 615 2187 maiorem
647 2144 699 2188 me
728 2123 808 2207 ipsis
837 2122 938 2188 videri
965 2123 1126 2207 dicebant,

110 2347 248 2402 militibus
266 2347 406 2402 bellorum
423 2348 557 2417 periculis
575 2349 738 2404 innumeros
757 2349 886 2417 amisisti,
905 2350 989 2403 datur
1008 2366 1025 2404 a
1044 2349 1125 2405 nobis

109 2418 227 2473 licentia
250 2418 410 2473 revertendi
433 2420 484 2472 aut
505 2419 624 2474 residuis
648 2420 697 2500 qui
719 2422 813 2473 tecum
839 2423 918 2488 sunt,
945 2422 977 2475 ut
1001 2419 1125 2476 maxime

110 2489 199 2544 aetati
217 2491 283 2543 tuae
298 2506 406 2558 pareas,
426 2505 498 2557 quae
513 2490 560 2546 vix
575 2490 679 2544 stffiort
696 2490 759 2558 tibi,
779 2491 803 2544 si
817 2491 1012 2545 Macedoniam
1032 2489 1124 2546 redire

110 2560 258 2628 disponas,
282 2561 332 2612 aut
355 2558 527 2614 deditionem
549 2562 629 2615 tuam
652 2560 732 2615 nobis
756 2561 869 2629 offeras,
895 2579 931 2616 ne
954 2559 1056 2631 capitis
1080 2561 1124 2615 tui

109 2630 263 2699 dampnum
282 2630 407 2684 incurras
425 2631 464 2684 H.
490 2632 522 2686 ia
539 2633 594 2686 imo
613 2634 745 2701 marpissa.
801 2638 816 2686 3
837 2632 863 2686 ei
882 2635 1014 2702 superato
1033 2632 1124 2687 honor

109 2702 192 2756 datus
211 2699 277 2756 ω]
316 2701 342 2754 ei
360 2703 539 2770 insuperatos
558 2707 605 2758 etc.
624 2702 664 2757 H.
698 2702 841 2771 insperato
861 2707 940 2770 (corr.
960 2720 994 2758 ca
1011 2703 1124 2772 insupe-

108 2775 171 2826 rato
192 2772 232 2840 0.)
251 2771 351 2825 honori
370 2772 489 2826 donatus
510 2772 538 2827 O.
547 2774 580 2827 P.
646 2781 661 2827 6
681 2791 736 2842 que
755 2774 801 2827 est
818 2790 867 2828 om.
888 2795 918 2828 ω.
952 2774 996 2828 est
1013 2791 1064 2829 om.
1085 2775 1125 2831 H.

110 2842 198 2898 char
215 2859 265 2898 om.
286 2843 400 2899 aaV.H.
428 2843 465 2897 ad
484 2861 534 2899 om.
554 2844 665 2900 a.V.H.
746 2850 824 2899 ‘ime
844 2844 960 2898 deduxit
978 2861 1028 2899 ona
1048 2846 1125 2901 oaH.

109 2915 138 2969 in
158 2914 272 2969 orientis
293 2915 387 2968 autem
406 2914 444 2968 H.
492 2920 524 2969 10
543 2915 613 2970 iussi
631 2916 735 2970 ΜΗ.
764 2915 793 2969 id
812 2916 904 2983 ipsum
924 2915 1036 2970 affl
1065 2934 1125 2969 rur-

110 3004 171 3040 sum
196 2985 225 3040 0.
301 2991 333 3039 12
353 2983 469 3039 deiectis
495 2986 578 3041 codd.
606 2985 714 3042 deustis
739 2985 817 3040 Esar.
842 2987 932 3041 Basil.
965 2987 1125 3040 simulacris

109 3074 159 3113 om.
178 3057 218 3112 H.
253 3057 410 3126 complacui
428 3056 464 3112 L.
472 3057 507 3114 Β.
516 3059 558 3112 Μ,
567 3059 600 3113 Ρ.
676 3062 708 3112 13
727 3057 929 3128 progressuris]
949 3058 1126 3126 progressuri

111 3128 194 3184 Oodd.
217 3127 241 3182 si
260 3144 309 3182 om.
330 3149 360 3184 o.
408 3133 441 3182 15
460 3132 570 3184 montes
590 3145 660 3198 quos
679 3127 837 3182 inhabitare
856 3127 999 3196 elephanti
1019 3131 1047 3182 et
1067 3145 1124 3182 ser·

109 3201 208 3268 pentes
228 3198 393 3253 dicebantur
412 3199 440 3254 0.
478 3201 588 3254 montes
612 3197 783 3266 audivimus,
807 3198 838 3252 in
861 3198 961 3266 quibus
984 3213 1045 3253 esse
1069 3200 1125 3253 ele·

109 3270 209 3338 phanti
237 3275 283 3324 etc.
307 3269 346 3323 H.
397 3269 569 3325 habitabiles
593 3271 626 3326 G.
634 3271 677 3324 M.
766 3275 799 3323 16
818 3270 916 3339 plenos
942 3269 972 3323 V.
1001 3285 1051 3324 om.
1077 3276 1124 3326 cet.

110 3340 241 3394 dicebant
264 3339 333 3395 (Π.
451 3346 483 3394 17
504 3341 548 3466 ut&
571 3342 668 3396 volens
693 3340 731 3394 H.
760 3339 806 3394 vel
828 3357 878 3395 om.
898 3340 936 3393 H.
965 3341 1027 3394 orbi
1047 3340 1125 3394 V.H.

109 3410 272 3477 navigarem
292 3409 321 3464 0.
397 3416 429 3465 19
449 3428 503 3479 quo
548 3412 592 3466 .P.
661 3417 696 3466 20
714 3410 814 3465 Libero
840 3412 871 3464 V.
899 3410 1031 3464 Liberum
1052 3410 1081 3465 0.
1090 3412 1124 3464 P.

103 3478 202 3532 Liberi
215 3485 262 3535 cet.
288 3480 542 3550 praestantissimis
561 3483 615 3536 diis
624 3481 695 3537 ΙΝ.
720 3481 975 3552 praestantissimos
995 3483 1062 3535 deos
1077 3489 1124 3538 cet.

91 3554 127 3600 21
143 3565 237 3617 posse
259 3551 351 3608 rideri
363 3552 391 3610 O.
424 3554 559 3628 quodque
577 3552 711 3612 Herculis
728 3551 963 3608 clauserimus
976 3554 1062 3604 ausus
1077 3571 1124 3606 ue·
