2362 3938
125 212 169 276 60
469 209 498 264 Ο.
518 209 655 264 vntum
673 206 804 263 utnccl

125 359 247 420 Alciden
271 376 436 437 saeuaeque
460 365 561 418 monet
583 358 754 417 meminisse
777 373 941 419 nouercae.

126 449 281 527 continuo,
305 447 422 507 uolucri
446 464 501 507 ceu
524 453 647 525 pectora
669 452 766 505 tactus
789 443 862 504 asilo

126 537 250 597 emicuit
273 534 405 596 Calabris
429 544 541 599 555555,
555 552 611 613 per
633 533 773 611 confraga
795 535 909 612 saeptis

127 623 215 685 obuia
238 642 373 703 quaeque
397 640 503 703 ruens,
525 623 577 683 tali
599 640 632 682 se
655 623 784 682 concitat
807 621 917 682 ardens

126 716 157 773 in
180 715 249 790 iuga
273 720 356 772 senta
379 712 461 790 luga:
484 718 575 790 pauet
596 712 693 770 omnis
715 711 836 770 conscia
857 708 917 770 late

127 801 217 882 silua,
239 807 351 880 pauent
374 808 504 880 montes,
527 798 611 860 luctu
635 816 799 859 succensus
822 796 933 858 acerbo
1101 811 1146 861 555

128 889 200 968 quid
222 896 319 948 struat
341 887 458 948 Alcides
481 895 622 966 tantaque
645 886 717 966 quid
740 893 863 966 apparet
885 888 941 947 ira.

126 977 190 1056 ille,
212 974 297 1036 uelut
320 976 417 1055 relugi
440 994 531 1055 quem
554 977 679 1054 contigit
700 973 827 1055 inproba
849 973 947 1035 Mauri

126 1064 228 1124 lancea
252 1065 432 1141 sanguineus
455 1071 541 1125 nasto
564 1063 611 1124 leo
634 1081 788 1125 murmure
812 1063 909 1124 fertur

127 1153 237 1229 frangit
259 1158 289 1211 et
312 1149 466 1211 absentem
488 1153 592 1212 uacuis
616 1151 672 1212 sub
696 1150 835 1212 dentibus
857 1149 989 1231 bostem,

127 1241 170 1298 555
194 1238 280 1298 155555
304 1255 428 1298 5555555
451 1257 560 1317 gerens
583 1239 757 1320 Tirynthius
780 1257 833 1299 ora
1099 1253 1145 1302 555
1173 1289 1178 1295 ,

127 1327 224 1386 155555
247 1332 278 1384 55
299 1327 414 1386 intento
438 1327 582 1388 discurrit
603 1328 757 1389 montibus
779 1346 859 1388 arcu.

127 1414 186 1474 heu
209 1415 335 1474 miserae
359 1413 469 1493 quibus
492 1415 541 1475 ille
566 1416 661 1499 serae,
684 1414 794 1495 quibus
816 1414 922 1475 incidit
945 1433 1077 1494 usquam

126 1503 286 1564 immeritis
309 1521 363 1582 per
386 1502 482 1564 lustra
504 1501 577 1565 uiril
601 1504 682 1567 uolat
704 1504 810 1564 ordine
831 1502 914 1579 nullo

129 1599 237 1652 cuncta
259 1599 379 1673 petens3
402 1611 483 1653 nunc
507 1593 543 1654 ad
566 1595 647 1672 ripas
669 1594 844 1670 deiectaque
868 1592 947 1651 saxis

128 1679 263 1761 llumina,
286 1699 366 1741 nunc
390 1688 468 1742 totas
492 1699 649 1742 nemorum
670 1683 823 1759 procurrit
845 1678 882 1739 ad
905 1677 1039 1741 umbras.
1098 1693 1147 1743 555

128 1785 236 1828 rursus
259 1766 353 1847 Hylan
377 1777 408 1829 55
430 1787 538 1830 rursus
560 1768 655 1850 Hylan
676 1786 732 1848 per
754 1768 842 1847 longa
864 1766 1008 1847 reclamat

129 1857 210 1937 auia3
233 1865 412 1936 responsant
435 1857 528 1918 siluae
552 1865 583 1918 et
605 1875 680 1936 uaga
703 1864 797 1918 certat
819 1858 925 1934 imago.

174 1945 211 2005 At
234 1947 323 2006 sociis
346 1948 468 2006 immota
490 1945 564 2006 tides
588 1947 757 2025 austrisque
780 1944 921 2006 secundis

130 2042 225 2113 certa3
238 2051 322 2093 mora
337 2041 383 2093 est
397 2052 453 2094 nec
466 2053 580 2113 paruus
594 2033 692 2115 Hylas,
708 2051 886 2113 quamquam
900 2032 1042 2095 omnibus
1057 2052 1147 2113 aeque

74 2125 76 2129 ’
130 2130 214 2201 grata
236 2122 418 2183 rudimenta:
440 2121 589 2184 Herculeo
613 2122 669 2183 sub
692 2123 812 2183 nomine
834 2121 977 2202 pendent.
1098 2134 1148 2184 eoo

128 2210 212 2270 illum
236 2228 340 2270 omnes
362 2210 493 2270 lacrimis
517 2213 698 2290 maestisque
722 2229 882 2290 reposcere
905 2212 1007 2295 uotis,-

129 2300 296 2376 incertique
320 2307 403 2360 metu
426 2317 506 2360 5555
530 2299 634 2377 longas
656 2299 743 2359 litore
767 2317 858 2359 uoces

129 2403 269 2463 spargere
293 2405 373 2446 nunc
397 2389 473 2447 seris
497 2388 655 2448 ostendere
678 2386 817 2448 noctibus
840 2389 934 2468 ignes,

128 2475 196 2551 ipse·
216 2473 267 2533 uel
289 2473 399 2534 excelsi
422 2492 491 2535 cum
514 2474 606 2535 densa
629 2474 748 2537 silentia
769 2477 880 2536 montis

129 2567 222 2620 strata
244 2560 295 2620 uel
317 2560 424 2621 oblatis
447 2561 555 2621 ductor
578 2562 661 2624 uidet
684 2582 815 2643 aequora
835 2562 936 2625 uentis
1096 2575 1149 2624 555

128 2654 188 2708 stat
211 2643 369 2709 lacrimans
391 2667 558 2727 magnoque
581 2653 640 2725 uiri
664 2658 823 2713 5555555555
846 2669 956 2712 amore.

32 2738 39 2747 “
127 2734 207 2796 illius
229 2738 365 2797 incessus
389 2736 576 2816 habilemque
600 2739 637 2798 ad
661 2746 744 2819 terga
766 2739 947 2821 pharetram,

127 2823 212 2884 illum
235 2827 315 2887 inter
337 2844 480 2905 proceres
503 2835 693 2907 maestaeque
716 2828 834 2889 silenda
856 2846 977 2889 mensae

128 2915 245 2991 quaerit
268 2916 355 2994 inops
379 2916 528 2993 quondam
550 2919 664 2997 ingenti
687 2935 854 2997 conprensa
875 2915 1046 2977 trahentem

127 3002 197 3061 uina
220 3022 311 3065 manu
335 3012 365 3065 et
388 3004 480 3065 durae
502 3006 684 3068 referentem
707 3014 841 3067 monstra
863 3022 1022 3066 nouercae.
1097 3018 1151 3068 tto

171 3089 233 3151 Nec
257 3094 356 3153 minus
379 3095 494 3154 interea
518 3095 650 3156 crudelis
672 3084 873 3176 iapygaltmo

127 3176 249 3239 adsidue
274 3189 375 3241 mouet
398 3189 429 3241 et
450 3184 556 3259 primis
579 3202 648 3244 cum
671 3183 784 3244 solibus
807 3184 902 3244 offert.

126 3265 244 3344 iamque
269 3286 369 3328 morae
392 3271 541 3348 inpatiens
564 3279 740 3333 cunctantes
762 3275 897 3351 increpat
920 3271 998 3330 55555

127 3350 238 3432 Tiphys
261 3364 292 3415 et
314 3355 413 3418 oblato
436 3365 538 3418 monet
561 3361 621 3420 otia
643 3378 784 3439 rumpere
808 3375 908 3419 cursu.

126 3456 198 3516 ergo
222 3444 354 3502 animum
376 3443 471 3504 ssexus
494 3445 582 3506 dictis
605 3449 744 3507 instantis
766 3445 853 3505 lason
1070 3460 1149 3527 ,555

81 3584 84 3590 .
126 3526 263 3588 concedit
286 3533 443 3609 sociosque
467 3533 555 3591 simul
579 3535 622 3594 555
646 3535 725 3594 latur
747 3531 783 3592 ad
806 3548 924 3590 omnes:
