2362 3938
122 198 165 264 86
546 195 656 252 LIBER
673 196 707 253 II.

121 361 290 426 universus
309 360 532 446 indignantius
552 360 738 444 accepisset,
761 359 847 443 quod
868 360 955 423 enim
972 381 1031 443 per
1049 361 1136 427 viam

121 448 185 514 sibi
207 449 475 533 impedimentum
497 449 578 514 illud
600 448 842 514 intranatabilis
869 447 960 514 fluvii
982 449 1136 532 proiecis-

122 541 185 620 set,
214 542 246 604 et
273 537 355 604 utile
378 537 613 604 arbitrarentur
638 540 680 618 [et
700 537 818 618 minas]
843 536 1002 602 secundae
1025 539 1136 603 memi-

122 626 210 692 nisse
232 627 400 710 fortunae,
428 630 559 712 aooepto
582 627 645 692 hoo
669 647 831 689 murmure
855 629 888 690 et
910 625 1135 711 indignatione

95 715 267 781 amilitum
297 737 355 780 rex
385 715 421 780 in
452 715 533 780 haee
564 715 663 780 verba
696 715 918 779 contionatum
955 711 1135 798 ‘Equidem

121 803 237 890 fateor,
254 805 384 886 milites,
404 803 484 868 duas
503 803 628 886 pariter
644 822 697 867 res
715 801 751 868 in
770 803 876 868 animo
898 823 968 868 esse
982 802 1136 890 diversas,

122 915 213 978 spem
237 892 360 959 seilicet
382 894 415 957 at
437 891 607 976 pudorem,
637 913 774 976 quarum
802 892 942 957 alterum
963 912 1135 978 praeroga-

120 983 191 1048 tiva
217 981 412 1065 praeteritae
439 980 571 1046 virtutis
603 980 765 1063 ostendit,
793 980 880 1046 aliud
908 1001 985 1046 vero
1016 981 1135 1066 impor-

120 1070 193 1136 tuni
220 1072 327 1134 metus
355 1068 563 1152 opinionibus
589 1068 811 1135 adumbratur.
856 1067 935 1145 Quis
959 1070 1046 1134 enim
1069 1092 1135 1136 non

81 1157 212 1224 residet
243 1157 437 1223 abolendam
473 1178 608 1241 prorsus
645 1157 836 1224 memoriam
872 1179 943 1224 esse
980 1159 1135 1226 victoriae

119 1244 357 1331 praecedentis,
391 1245 420 1311 si
449 1245 612 1330 praesenti
640 1250 767 1311 vestrae
800 1245 1019 1332 indignationi
1051 1270 1135 1313 oom-

119 1333 231 1400 modet
252 1333 364 1419 fidam,
391 1356 456 1419 qua
477 1355 588 1420 regem
610 1337 754 1400 vestrum
778 1333 1002 1400 Alexandrum
1024 1336 1134 1402 inoon·

121 1423 206 1488 suite
227 1422 344 1489 fecisse
367 1423 562 1508 opinamini,
590 1423 675 1509 quod
704 1423 745 1489 ad
771 1423 884 1509 fugam
909 1425 1003 1490 vobis
1029 1425 1135 1490 infau-

121 1512 301 1578 stissimum
332 1513 396 1578 iter
428 1513 539 1597 pontis
572 1511 784 1578 dissolutione
821 1513 1013 1579 sustulerit?
1066 1514 1135 1578 Aut

80 1620 107 1662 ro
121 1600 198 1685 quid
220 1623 353 1688 prorsus
381 1601 420 1666 de
449 1623 506 1685 spe
529 1601 687 1667 victoriae
714 1601 883 1682 residebit,
911 1602 940 1666 si
967 1600 1000 1666 id
1023 1623 1134 1667 verum

121 1689 196 1755 est?
249 1689 314 1757 Vel
351 1689 428 1775 quid
464 1710 559 1776 mage
592 1690 789 1756 eontrarium
826 1691 911 1756 foret
948 1691 1135 1757 huiusmodi

119 1778 216 1860 votis,
240 1799 339 1864 quam
362 1779 391 1843 si
416 1780 501 1864 quod
523 1780 631 1847 animo
650 1780 872 1865 praecepistis,
895 1780 928 1845 id
946 1779 1038 1845 vobis
1062 1783 1134 1845 tuto

120 1867 272 1951 pareret?
300 1869 493 1954 praesertim
517 1890 591 1934 oum
617 1869 652 1934 in
675 1890 771 1954 opere
794 1868 930 1934 militari
950 1867 1133 1934 formidinis

119 1955 318 2023 insentivum
347 1956 392 2021 sit
421 1977 495 2040 spes
522 1958 626 2024 tutius
641 1957 815 2024 evadendi.
861 1955 924 2023 Sed
949 1957 983 2022 id
1007 1958 1136 2042 quidem

80 2045 199 2111 rodens
227 2049 261 2110 et
283 2044 415 2112 virtutis
438 2049 567 2111 vestrae
594 2046 701 2131 gloria
729 2046 842 2129 procul
869 2046 991 2113 feeerit.
1036 2047 1136 2112 Enim

56 2188 60 2194 .
120 2152 196 2217 ego,
224 2133 280 2217 qui
302 2135 354 2199 tot
378 2133 525 2218 proeliis,
554 2137 606 2199 tot
628 2133 775 2200 victoriis
798 2134 912 2200 doetus
939 2135 1024 2200 nihil
1047 2136 1136 2200 aliud

118 2220 184 2286 nisi
211 2220 250 2286 de
277 2221 477 2287 incremento
503 2223 630 2287 vestrae
659 2222 785 2307 gloriae
808 2223 1034 2309 cogitaverim,
1061 2245 1135 2308 pro·

118 2307 205 2375 feoto
238 2308 355 2375 fecisse
387 2309 469 2375 mihi
501 2309 613 2375 videor
651 2331 724 2375 oum
758 2313 921 2378 sententia
952 2313 1135 2392 fortiorum,

120 2397 206 2482 quod
249 2398 402 2486 ignaviae
447 2398 677 2483 intempestivo
716 2399 824 2464 reditu
861 2405 1031 2487 amputato
1074 2402 1135 2467 soli

78 2505 106 2547 ro
119 2507 253 2570 prorsus
276 2487 434 2554 victoriae
456 2487 544 2552 viam
572 2487 693 2553 dextris
722 2491 755 2553 at
782 2489 901 2575 gladiis
928 2491 1135 2556 reserandam

120 2596 191 2642 esse
214 2575 475 2642 monstraverim.
515 2574 629 2660 Neque
651 2575 685 2641 id
709 2575 932 2662 dissimulabo,
955 2577 1041 2661 quod
1064 2597 1135 2640 sen·

118 2664 176 2747 tio,
191 2665 343 2731 adiuvare
358 2686 410 2729 me
424 2664 510 2731 votis
524 2664 690 2731 fortunam
705 2665 872 2750 eiusmodi,
889 2669 927 2730 ut
941 2665 968 2730 si
982 2665 1134 2749 ignaviae

118 2751 241 2816 reditus
264 2752 496 2840 requireretur,
523 2754 621 2839 longe
650 2755 694 2820 sit
721 2754 837 2819 melius
864 2755 917 2819 hio
944 2753 1133 2818 occumbere

119 2839 260 2925 gloriose
283 2863 380 2927 quam
409 2846 485 2925 post
513 2864 633 2910 nomen
655 2842 810 2909 victoriae
833 2840 1055 2926 praecedentis
1080 2841 1134 2905 de-

78 2945 106 2992 oo
118 2929 304 2996 decorosius
337 2933 489 2998 evasisse.
545 2931 631 3009 Quin
664 2933 772 3019 legem
804 2930 901 2996 nobis
932 2929 1133 2994 fortitudinis

210 3147 294 3212 lpar
312 3143 387 3197 viam
406 3143 513 3212 scripsi.
541 3141 670 3213 pervium
688 3143 722 3199 P.
770 3138 1014 3196 fintranatabilis
1033 3139 1132 3194 Saitae.

118 3212 148 3266 in
166 3211 354 3268 tranatabulis
372 3213 405 3267 P.
453 3218 470 3266 3
489 3215 519 3266 et
536 3215 628 3268 minue
647 3214 712 3270 odd.
730 3212 833 3270 Eteri.
877 3216 894 3265 4
913 3226 1052 3265 murmure
1073 3211 1132 3264 Mr.

117 3298 233 3337 munere
252 3284 286 3338 P.
341 3283 574 3352 ipraerogativa
592 3284 692 3340 Sotira
720 3281 947 3354 praerogativam
965 3281 998 3335 P.
1049 3281 1134 3335 ead-

117 3353 264 3408 umbratur
284 3355 343 3410 Mr.
367 3353 517 3408 adumbrat
534 3353 568 3409 P.
625 3360 657 3409 11
676 3355 818 3425 praesenti
838 3355 897 3410 Mr.
920 3352 1076 3424 praesentis
1098 3352 1134 3408 P.

118 3427 153 3476 13
171 3423 252 3478 robis
261 3427 368 3494 scripsi.
392 3425 472 3479 nobis
483 3424 515 3479 P.
544 3423 776 3480 infaustissimum
786 3424 844 3481 Mr.
868 3422 1086 3480 infantissimum
1098 3423 1133 3476 P.

116 3496 152 3546 20
172 3493 239 3548 deus
259 3495 319 3549 Mr.
343 3496 402 3549 dies
421 3495 454 3550 P.
487 3493 580 3564 gloria
597 3495 656 3550 Mr.
680 3495 770 3566 glorie
790 3494 825 3551 P.
872 3493 1056 3566 trigamiae
1076 3493 1134 3548 Mr.

117 3561 247 3634 ignavius
264 3564 297 3618 P.
336 3570 369 3618 27
390 3564 523 3620 adiuvare
542 3581 588 3620 me
606 3565 680 3621 votis
697 3567 731 3624 P.
758 3583 840 3622 avere
859 3584 904 3622 me
923 3565 1017 3637 potius
1031 3563 1134 3619 Eberb.
