2362 3938
138 234 183 298 94
483 231 511 287 C.
530 230 668 288 vonum
685 229 814 287 uuuccl

139 377 262 444 ‘cernis'
286 383 326 442 ait
350 377 487 441 ‘Colchos
509 379 637 441 habeant
659 397 734 458 quae
757 378 884 460 proelia,
907 380 1020 458 quique

139 489 220 532 nunc
243 477 347 531 status.
392 469 462 529 hinc
484 468 606 550 Perses,
629 468 709 528 illinc
732 485 792 528 non
815 466 934 527 uiribus
957 469 1058 547 aequis

139 567 262 640 apparat
284 559 391 619 Aeetes
414 559 514 617 aciem.
560 555 669 635 qarihus
692 555 828 616 addimur
851 550 976 616 armis?
1094 564 1134 616 ill

140 650 189 708 cui
211 646 285 708 luno
310 641 435 707 ‘dimitte
459 654 570 726 metus,
593 663 630 704 ne
653 643 765 724 proelia
787 645 864 704 sorte

139 734 188 796 hic
211 734 266 796 tihi
289 744 371 813 grata
394 751 514 814 uegcm3
537 750 661 812 magnus
685 739 784 793 manet
807 731 909 811 aegida
933 732 1027 794 sudor

141 832 171 885 et
192 831 313 884 nostros
334 825 393 882 iam
416 822 507 881 sudor
530 839 632 900 equos.
678 828 736 882 stat
757 828 879 900 pectore
897 821 993 881 flium

141 913 249 973 Aeetae
274 912 387 972 sociare
410 927 524 970 manus.
571 911 633 969 scio
655 908 769 988 perlida
791 910 871 987 regis

141 999 231 1059 corda
253 998 374 1078 quidem
397 991 510 1080 (nullos
532 997 639 1077 Minyis
663 997 797 1058 exsoluct
819 991 976 1078 honores),
1098 1008 1140 1059 itt

139 1104 248 1147 uerum
270 1085 343 1147 alios
366 1094 438 1147 tunc
460 1089 525 1164 ipsa
548 1086 645 1168 dolos,
668 1085 723 1146 alia
745 1103 813 1146 orsa
836 1081 987 1146 moucho'

143 1170 227 1254 ‘sint,
248 1192 371 1253 precor,
393 1172 479 1253 hacc3
503 1182 554 1234 tua
576 1190 704 1253 namque
727 1174 800 1234 mihi
822 1173 991 1234 comitanda
1014 1166 1144 1254 potcstas’

140 1260 234 1321 Pallas
258 1263 311 1343 ait,
335 1257 433 1321 ‘liccat
457 1261 541 1320 Grais
564 1269 599 1321 ut
622 1261 747 1322 reddere
771 1263 861 1322 terris

140 1350 302 1408 Aesonium
325 1357 413 1427 caput
436 1357 466 1409 et
488 1367 632 1431 puppem,
655 1368 745 1428 quam
767 1351 930 1411 struximus
953 1351 1047 1432 ipsae,

140 1440 278 1499 iactatam
300 1437 420 1498 tandem
442 1443 544 1497 nostro
569 1455 748 1517 componere
773 1432 874 1498 caelo?
1104 1446 1147 1499 att

185 1525 266 1586 Talia
288 1533 360 1587 tunc
383 1526 538 1587 hominum
562 1529 663 1605 superi
685 1544 740 1605 pro
764 1525 849 1586 laude
873 1525 1046 1588 mouebant.

140 1616 255 1676 tristior
279 1623 309 1675 at
330 1632 493 1693 numquam
515 1620 636 1675 tantoue
659 1613 837 1693 pauentibus
860 1614 920 1674 ulla

141 1721 200 1762 nox
222 1701 328 1782 Minyis
352 1711 452 1781 egesta
475 1709 570 1782 metu3
595 1696 637 1762 nil
659 1705 769 1782 quippe
793 1709 914 1781 reperto
1021 1781 1026 1791 .

140 1788 280 1870 Phaside,
303 1789 345 1849 nil
369 1791 488 1851 domitis
512 1799 610 1851 actum
634 1790 845 1870 Symplegados
867 1789 967 1871 undis,

100 1934 103 1940 .
142 1886 308 1957 cunctaque
323 1878 428 1959 adhuc,
451 1882 550 1958 magui
564 1881 686 1939 ueniant
708 1878 779 1939 dum
801 1875 881 1956 regis
901 1878 937 1939 ad
957 1878 1074 1962 urbem,
1103 1889 1150 1940 att

141 1965 278 2046 ambigua
301 1975 332 2027 et
353 1966 443 2027 dubia
465 1985 569 2027 rerum
590 1967 750 2046 pendentia
773 1984 896 2027 summa.

140 2057 299 2134 praecipue
318 2055 485 2116 Aesoniden
508 2058 608 2116 uarios
626 2058 741 2116 incerta
763 2073 817 2133 per
840 2063 941 2115 aestus

141 2161 225 2203 mens
248 2145 325 2221 rapit
348 2143 510 2204 undantem
534 2147 614 2205 curis
638 2163 672 2205 ac
695 2143 788 2204 multa
810 2149 981 2205 nouantem.

141 2230 267 2309 qualiter
291 2249 327 2291 ex
350 2231 408 2293 alta
430 2249 498 2292 cum
520 2231 654 2311 luppiter
677 2251 745 2292 arce
769 2238 915 2312 coruscat,

140 2318 256 2379 Pliadas
278 2319 327 2379 ille
351 2338 476 2380 mouens
499 2322 682 2398 mixtumque
707 2319 864 2380 sonoribus
887 2317 1017 2380 imbrem
1103 2328 1152 2380 sot

140 2405 356 2489 horriferamuc
379 2410 493 2487 niuem,
517 2410 598 2467 canis
620 2407 673 2467 uhi
695 2407 809 2468 tollitur
832 2409 928 2467 omnis

141 2510 262 2573 campus
285 2495 378 2574 aquis,
401 2503 452 2555 aut
475 2497 628 2572 sanguinei
647 2513 751 2572 magna
774 2498 849 2556 ostia
871 2493 942 2554 helli

140 2588 191 2640 aut
214 2580 285 2640 ahos
308 2579 407 2641 dubiis
430 2582 559 2642 latorum
581 2583 719 2660 gentihus
742 2591 839 2644 ortus:

140 2670 183 2727 sic
206 2676 271 2729 tum
294 2668 421 2729 diuersis
444 2670 513 2728 hinc
537 2669 632 2748 adque
655 2670 725 2731 hinc
749 2671 879 2732 motibus
903 2689 1013 2750 auceps

139 2765 261 2835 pectora
283 2757 343 2818 dux
367 2756 472 2817 crebro
496 2760 608 2836 gemitu
631 2762 738 2842 quatit,
762 2768 843 2840 optat
866 2767 897 2824 et
920 2759 1031 2821 almum
1104 2772 1156 2822 31⁰

139 2847 198 2906 iam
220 2844 306 2906 iuhar
329 2851 359 2905 et
382 2848 457 2906 certi
479 2846 599 2908 tandem
621 2848 803 2910 discriminis
825 2849 922 2909 horas.

139 2942 211 2996 tunc
234 2934 329 2995 defixa
352 2934 414 2995 solo
438 2945 585 3015 coetuque
608 2939 722 2998 intenta
745 2937 844 2998 silenti

139 3042 247 3085 uersus
271 3024 307 3084 ad
330 3042 382 3084 ora
405 3027 505 3085 uirum
528 3021 618 3104 ‘quod
641 3026 757 3104 pridem
781 3023 952 3104 ingentibus
976 3027 1056 3085 ausis

139 3108 307 3191 optauistis'
331 3115 371 3172 ait
394 3109 602 3194 ‘uotorumque
627 3115 706 3193 quod
729 3115 847 3175 horruit
869 3121 958 3194 aetas,

140 3200 280 3260 adsumus
303 3219 341 3260 en
364 3208 538 3280 tantumque
563 3203 647 3263 iretis
671 3206 826 3264 enauimus
850 3202 960 3263 orhem.
1104 3212 1160 3263 alh

139 3305 195 3347 nec
217 3288 314 3368 pelagi
336 3307 391 3349 nos
413 3289 492 3349 mille
517 3292 597 3372 uiae,
621 3309 676 3351 nec
701 3292 778 3352 fama
801 3290 905 3351 lelellit

140 3373 308 3452 Soligenam
331 3377 441 3437 Aeeten
465 3378 561 3437 media
584 3397 708 3457 regnare
733 3379 789 3438 suh
813 3384 902 3437 arcto.

139 3477 209 3538 ergo
233 3461 285 3522 uhi
308 3464 358 3524 lux
382 3464 473 3525 altum
496 3474 615 3544 sparget
638 3484 734 3546 mare,
758 3471 836 3525 tecta
859 3463 993 3541 petenda.

138 3546 222 3610 urhis
246 3558 275 3610 et
297 3553 391 3632 ignoti
413 3570 498 3613 mens
521 3553 700 3633 experienda
722 3551 848 3628 tyranni.
