2362 3938
135 180 199 245 108
478 176 507 233 (l.
525 176 664 232 VALERI
681 177 812 234 uincet

134 332 227 390 crinis
250 331 342 411 inest,
366 326 463 388 natale
487 326 578 388 decus
602 321 667 409 (dat
689 326 806 405 longior
829 332 911 387 aetas

134 421 193 478 iam
216 412 374 499 spatium),
397 415 509 494 triplici
531 433 712 495 percurrens
735 423 871 495 tempora
894 415 973 477 nodo

135 506 265 568 demittit
288 523 372 565 sacro
396 506 528 583 geminas
552 522 568 563 a
591 506 706 563 uertice
729 505 829 564 uittas.

135 596 223 656 Datin
246 593 459 654 Achaemeniae
484 594 604 670 grauior
627 591 663 651 de
687 590 813 652 uulnere
836 611 955 673 pugnae
1109 607 1139 657 u

89 717 92 722 ·
136 686 217 744 misit
239 685 270 742 iu
294 700 375 742 arma
397 680 522 762 Daraps,
546 683 624 741 acies
648 698 737 758 quem
759 680 863 741 Martia
887 685 1004 744 circum

137 770 349 852 Gangaridum,
371 778 500 848 potaque
523 768 619 828 Gerus
642 787 717 846 quos
741 770 845 832 efferat
867 770 957 852 unda,

136 862 247 940 quique
271 858 368 919 lacum
391 861 511 918 cinxere
534 857 642 936 Bycen.
688 875 748 917 uon
772 857 866 918 defuit
889 860 1003 941 Anxur,

136 966 197 1009 non
220 946 351 1008 Rhadalo
375 965 444 1007 cum
467 946 559 1006 fratre
584 945 688 1026 Sidou,
711 945 896 1025 Acesinaque
919 947 1007 1010 laeuo

136 1039 235 1097 omine
259 1034 393 1095 fatidicae
417 1035 545 1094 Phrixus
568 1043 669 1094 mouet
692 1037 807 1112 agmina
831 1053 948 1096 cernae.
1115 1049 1145 1098 tt

136 1127 200 1204 ipsa
224 1141 337 1204 comes,
361 1124 450 1183 saetis
474 1122 591 1200 fulgens
615 1130 645 1182 et
668 1121 810 1183 cornibus
833 1125 943 1205 aureis,

137 1220 204 1273 ante
228 1213 322 1270 aciem
345 1210 417 1271 celsi
440 1209 561 1269 uehitur
584 1213 747 1288 gestamine
772 1215 852 1272 conti

136 1306 247 1360 maesta
271 1300 381 1357 necin
405 1316 511 1357 saeuae
534 1297 618 1357 lucos
642 1300 774 1360 reditura
797 1299 915 1360 Dianae.

137 1390 232 1449 mouit
255 1394 285 1447 et
307 1385 416 1465 Hylaea
440 1385 565 1466 supplex
589 1396 768 1466 cumgente
794 1389 911 1467 Syenen

136 1479 217 1557 inpia
240 1477 373 1556 germani
395 1475 594 1555 praetendens
617 1476 740 1536 uolnera
763 1477 879 1537 Perses.

137 1566 258 1626 densior
281 1565 354 1625 haut
376 1582 503 1644 usquam
525 1583 581 1623 nec
605 1563 713 1624 celsior
736 1565 841 1626 extulit
864 1565 938 1626 ullas

138 1655 213 1715 silua
235 1652 351 1735 trabes,
375 1655 530 1730 fessaeque
553 1655 638 1731 prius
661 1653 777 1713 rediere
801 1657 925 1732 sagittae

137 1835 210 1910 quin
234 1839 264 1891 et
287 1830 324 1890 ab
346 1829 491 1909 Hyrcanis
514 1828 650 1889 Titanius
672 1830 786 1908 expulit
808 1833 903 1891 antris

138 1921 222 2001 Cyris
245 1924 277 1981 iu
300 1938 381 1979 arma
404 1921 500 1998 uiros,
523 1916 723 1995 plaustrisque
748 1918 784 1977 ad
806 1919 919 1998 proelia
943 1931 1070 1983 cunetas
1119 1934 1153 1985 80

137 2008 301 2072 Coelaletae
324 2016 442 2067 traxere
466 2023 584 2085 manus3
607 2005 649 2066 ibi
671 2006 784 2072 suitilis
804 2007 861 2067 illis

45 2157 47 2162 .
137 2107 167 2159 11
190 2097 296 2157 domus
319 2103 349 2156 11
373 2094 466 2155 crudo
489 2094 625 2154 residens
648 2094 704 2154 sub
729 2094 839 2155 uellere
864 2098 996 2158 coniunx

137 2195 167 2247 11
189 2205 265 2267 puer
289 2204 305 2245 e
327 2187 424 2262 primo
448 2191 735 2260 torquenstemone
759 2186 875 2244 cateias.

135 2275 281 2354 linquitur
304 2272 448 2351 abruptus
472 2270 575 2351 pelago
599 2270 688 2352 Tyra,
711 2273 857 2350 linquitur
880 2280 910 2332 et
932 2291 1021 2336 mons

135 2362 286 2423 Ambenus
311 2369 341 2421 et
364 2360 468 2438 gelidis
491 2358 607 2438 pollens
631 2358 762 2437 Ophiusa
785 2363 919 2422 uenenis
1119 2374 1151 2423 85

136 2451 359 2529 degeneresque
383 2455 476 2507 ruunt
500 2447 584 2506 Sindi
607 2447 829 2527 glomerantque
852 2457 979 2528 paterno

135 2540 259 2598 crimine
283 2553 363 2595 nuno
387 2537 476 2594 etiam
499 2542 667 2595 metuentes
691 2535 817 2597 uerbera
841 2547 964 2600 turmas

134 2627 189 2686 hos
213 2642 304 2704 super
328 2630 457 2683 aeratam
479 2621 603 2681 Phalces
627 2626 687 2702 agit
711 2643 839 2703 aequore
862 2625 975 2705 pubem

135 2733 204 2776 cum
227 2713 361 2793 fremitu,
385 2710 530 2788 densique
553 2709 654 2771 leuant
678 2713 785 2773 rrcxilla
810 2713 927 2795 Coralli,

134 2803 305 2866 barbaricae
331 2801 397 2878 quis
422 2802 504 2878 signa
528 2808 611 2859 rotae
635 2801 804 2881 ferrataque
829 2802 918 2863 dorso
1118 2817 1151 2866 su

134 2895 228 2953 forma
252 2908 341 2952 suum
362 2897 547 2967 truncaeque
571 2888 651 2949 louis
675 2890 832 2951 simulacra
855 2892 1021 2974 columnae3

132 2982 246 3062 proelia
269 2998 325 3040 uec
347 2997 438 3038 rauco
463 2984 568 3038 curant
590 2979 751 3039 incendere
776 2999 879 3063 cornu,

133 3070 287 3148 indigenas
310 3066 363 3128 sed
386 3069 442 3128 rite
467 3068 558 3127 duces
582 3075 611 3127 et
633 3070 732 3146 prisca
756 3088 880 3130 suorum

133 3159 210 3219 facta
233 3164 344 3218 canunt
366 3163 564 3234 ueterumque
588 3158 662 3216 uiris
685 3156 851 3218 hortamina
878 3157 990 3218 laudes.

132 3254 178 3306 ast
200 3246 253 3307 ubi
277 3244 413 3307 Sidonias
435 3247 515 3304 inter
537 3244 629 3321 pedes
653 3254 760 3324 aequat
782 3246 921 3329 habenas,
1117 3255 1150 3309 91

131 3333 213 3393 illino
236 3337 350 3393 iuratos
372 3334 404 3391 in
428 3350 459 3391 se
483 3331 574 3390 trahit
596 3334 655 3392 Aea
678 3332 829 3415 BatarnaS,

132 3436 223 3500 quos,
247 3420 323 3480 duce
347 3419 533 3499 Teutagono,
557 3419 643 3479 crudi
665 3439 748 3480 mora
773 3423 892 3481 corticis
916 3432 1012 3484 armat

131 3524 284 3585 aequaque
308 3525 363 3567 nec
387 3507 468 3566 ferro
491 3505 614 3566 breuior
637 3526 692 3568 nee
707 3509 822 3585 rumpia
845 3506 933 3583 ligno.
