2376 3938
317 107 608 178 ARGONAU'I'ICON
625 107 735 164 LIBER
752 109 827 166 VIII.
1013 110 1076 175 153
1094 141 1096 144 ·

56 259 209 341 praetulit,
234 267 264 319 et
288 259 425 319 dextrum
449 265 569 338 paterae
593 266 761 338 nerguntur
784 260 815 318 in
838 257 951 319 orbem.

59 349 113 409 sed
136 364 235 426 neque
258 365 291 406 se
313 348 440 426 pingues
463 353 527 407 tum
550 347 674 407 candida
696 346 813 408 flamma
835 363 890 427 per
913 364 1000 407 auras

59 437 219 520 expleuit,
241 453 298 496 nec
321 443 388 495 tura
410 434 493 496 uidet
516 436 675 496 concordla
697 435 828 516 Mopsus,

59 527 238 607 promissam
262 541 318 584 nec
341 531 420 584 stare
443 523 546 604 fldem,
568 523 662 585 breue
685 532 804 604 tempus
827 541 969 585 amorum.

61 615 126 675 odit
148 621 311 692 utrumque
335 611 439 692 simul,
461 610 550 672 slmul
573 620 604 672 et
627 615 786 674 miseratur
808 619 979 693 uirumque,
1024 623 1077 675 ito

61 712 93 765 et
116 703 171 763 tibi
193 705 252 763 lam
275 700 373 762 nullos
396 702 524 782 optauit,
546 699 684 782 barbara,
707 709 801 762 natos.

60 809 131 853 mox
155 790 257 871 epulas
281 798 310 850 et
334 807 417 849 sacra
439 797 558 870 parant3
582 789 731 872 siluestris
753 789 837 850 laetis

61 881 193 961 praemia
217 885 328 939 uanam
351 877 430 939 lucili
453 880 585 956 quaesita
609 886 783 960 supersunt,

60 987 132 1049 pars
155 966 292 1046 neribus,
314 983 384 1045 pars
407 966 531 1026 undanti
553 967 709 1047 despumat
732 984 815 1028 aeno.

61 1058 222 1136 gramineis
246 1062 293 1116 ast·
314 1054 383 1115 inde
406 1056 481 1114 toris
504 1055 809 1137 discumbitur,on
1023 1054 1076 1116 aad

62 1144 166 1205 Hister
190 1143 376 1204 anhelantem
399 1140 520 1204 Peucen
543 1160 603 1222 qno
625 1153 776 1224 presserat
799 1152 894 1204 antro.

62 1235 122 1312 ipsi
143 1234 224 1292 iuter
246 1232 360 1293 medios
383 1249 468 1292 rosea
492 1232 625 1294 radiante
648 1235 772 1294 iuuenta

62 1321 151 1382 altius
174 1323 264 1400 Inque
284 1322 332 1380 sui
354 1327 531 1381 sternuntur
553 1321 674 1381 nelleris
697 1338 778 1382 auro.

108 1409 181 1480 Quis
204 1426 302 1470 nocuis
324 1411 460 1488 inceptos
482 1410 572 1469 timor
594 1409 720 1488 inpediit
741 1409 920 1488 hymenaeos

63 1496 257 1576 turbantique
280 1505 363 1576 toros
386 1504 417 1556 et
440 1513 523 1556 sacra
547 1497 672 1556 calentia
694 1493 798 1576 rupit?
905 1534 914 1541 -
1024 1508 1077 1558 too

63 1585 210 1665 Absyrtus
232 1585 330 1647 subita
351 1600 496 1665 praeceps
519 1601 588 1645 cum
611 1584 704 1644 classe
727 1585 859 1664 parentis
885 1619 889 1628 ι

63 1673 222 1735 aduehitur
244 1674 379 1754 prologis
401 1670 539 1734 infestam
561 1673 694 1754 lampada
717 1673 802 1734 Grais

63 1765 239 1824 concutiens
261 1763 387 1841 diroque
409 1779 548 1841 premens
571 1761 700 1824 clamore
723 1779 870 1822 sororem:

66 1847 145 1912 ‘heia
168 1853 258 1932 agite,
281 1869 300 1910 o
323 1852 418 1930 siquis
440 1850 527 1911 euobis
551 1850 635 1912 dolor
657 1854 774 1932 iraque,
798 1848 908 1930 Colchi,

63 1939 228 2001 adcelerate
252 1942 348 2020 uiam3-
369 1956 467 2019 neque
491 1942 571 2001 enim
593 1940 670 2019 lirglt
692 1956 820 2018 aequore
843 1945 946 2018 raptor
1022 1950 1074 2000 aaa

63 2028 206 2110 luppiter,
228 2028 300 2090 daut
322 2026 389 2088 falsi
411 2030 566 2107 sequimur
587 2030 713 2108 uestigia
736 2030 822 2088 tauri.

63 2134 162 2197 puppe
186 2111 300 2199 (nolas)
323 2134 384 2177 nna
406 2117 517 2197 praedo
540 2117 667 2177 Phrixea
690 2124 823 2196 reportat

63 2205 187 2286 uellera;
212 2224 268 2285 qua
291 2205 378 2266 libuit
400 2214 513 2267 remeat
532 2220 600 2266 cnm
623 2206 754 2285 uirgine3
776 2200 863 2264 nobis

65 2287 98 2374 (o
121 2288 247 2376 pudorl)
271 2302 301 2354 et
323 2310 427 2355 muros
450 2302 480 2355 et
503 2297 609 2355 nuntia
632 2301 711 2354 tecta
733 2293 863 2372 reliquit.

64 2381 135 2460 quid
157 2382 230 2443 milii
253 2382 360 2443 deinde
384 2379 477 2444 soils?
499 2398 555 2445 nec
579 2397 690 2463 quaero
712 2382 825 2444 uellera
848 2397 904 2442 noc
927 2389 956 2442 te
1024 2392 1077 2442 eto

65 2471 187 2552 accipio,
210 2488 358 2553 germana,
382 2472 492 2554 datam3
515 2489 571 2533 nec
595 2471 724 2533 foederis
747 2470 806 2532 ailla

65 2576 134 2638 spes
158 2561 216 2619 erit
238 2567 289 2619 aut
311 2561 372 2619 irae
396 2563 553 2640 quisquam
576 2561 691 2623 modus.
737 2559 807 2621 inde
829 2560 942 2620 reuerti

64 2646 158 2725 patris
182 2645 217 2705 ad
241 2663 294 2705 ora
315 2649 375 2707 mei
397 2655 456 2708 tam
480 2666 574 2728 paruo
596 2653 628 2710 in
650 2658 785 2729 tempore
809 2649 853 2709 las
876 2644 939 2708 sit?

65 2734 279 2812 quinquaginta
302 2737 417 2795 animae
438 2751 487 2795 me
510 2737 625 2797 scillcet
647 2746 766 2815 unamuc
789 2753 886 2797 mersa

63 2822 192 2884 sufficiet
214 2819 332 2900 placare
354 2817 445 2882 ratis?
468 2829 511 2903 tc,
534 2822 658 2884 Graecia
679 2824 774 2904 fallax,
1024 2833 1075 2883 ato

63 2927 229 2992 persequor
252 2908 347 2987 adque
370 2912 431 2970 tuis
451 2909 532 2971 hunc
556 2926 664 2989 quasso
685 2907 842 2971 moenssms
864 2911 975 2989 ignem3

64 3018 119 3060 nee
142 2998 197 3059 tibi
220 2998 321 3078 dIgua,
344 3014 439 3079 soror,
461 2997 567 3059 desum
590 2998 625 3058 ad
649 2997 776 3058 conubia
799 2998 899 3058 irater.
1013 3000 1016 3005 ’

64 3090 179 3168 primus
203 3095 233 3148 et
256 3104 326 3147 ecoe
350 3086 414 3146 iero
438 3089 596 3167 quatioque
619 3086 696 3147 hanc
718 3085 850 3166 lampada
874 3093 977 3146 uestro

63 3178 214 3258 coniugio,
236 3177 352 3256 primus
375 3174 494 3236 celebro
517 3175 623 3237 dotalia
646 3192 739 3257 sacra,

63 3268 115 3345 qui
136 3267 234 3346 potui3
256 3265 369 3345 patriae
392 3266 510 3325 ueniam
533 3265 583 3347 da,
606 3280 730 3346 quaeso,
753 3271 899 3325 senectae.
1021 3272 1075 3324 aco

62 3355 134 3432 quin
158 3370 261 3414 omues
284 3351 345 3435 alii,
367 3353 481 3432 pariter
502 3353 690 3433 populusque
712 3360 881 3433 patresque,

62 3459 180 3503 mecum
203 3442 319 3503 adsunt.
364 3443 463 3522 magni
486 3444 571 3522 uirgo
594 3460 632 3503 ne
656 3443 736 3521 regia
760 3439 837 3502 Solis
