<?xml version="1.0" encoding="UTF-8"?>
<!DOCTYPE html PUBLIC "-//W3C//DTD XHTML 1.0 Transitional//EN"
    "http://www.w3.org/TR/xhtml1/DTD/xhtml1-transitional.dtd">
<html xmlns="http://www.w3.org/1999/xhtml" xml:lang="en" lang="en">
 <head>
  <title>
</title>
<meta http-equiv="Content-Type" content="text/html;charset=utf-8" />
  <meta name='ocr-system' content='tesseract 3.04.00' />
  <meta name='ocr-capabilities' content='ocr_page ocr_carea ocr_par ocr_line ocrx_word'/>
</head>
<body>
  <div class='ocr_page' id='page_1' title='image "./domitiivlpianiq00huscgoog/domitiivlpianiq00huscgoog_0219.png"; bbox 0 0 2362 3938; ppageno 0'>
   <div class='ocr_carea' id='block_1_1' title="bbox 106 182 691 248">
    <p class='ocr_par' dir='ltr' id='par_1_1' title="bbox 106 182 691 248">
     <span class='ocr_line' id='line_1_1' title="bbox 106 182 691 248; baseline -0.014 0"><span class='ocrx_word' id='word_1_1' title='bbox 106 185 149 248; x_wconf 90' lang='grc'><strong>96</strong></span> <span class='ocrx_word' id='word_1_2' title='bbox 531 182 641 238; x_wconf 76' lang='lat' dir='ltr'><strong>alana</strong></span> <span class='ocrx_word' id='word_1_3' title='bbox 658 185 691 241; x_wconf 86' lang='lat' dir='ltr'><strong>lL</strong></span> 
     </span>
    </p>
   </div>
   <div class='ocr_carea' id='block_1_2' title="bbox 67 345 1123 2910">
    <p class='ocr_par' dir='ltr' id='par_1_2' title="bbox 67 345 1123 2910">
     <span class='ocr_line' id='line_1_2' title="bbox 105 345 1120 432; baseline 0.001 -21"><span class='ocrx_word' id='word_1_4' title='bbox 105 345 332 431; x_wconf 79' lang='lat' dir='ltr'>Quaecumque</span> <span class='ocrx_word' id='word_1_5' title='bbox 354 345 486 412; x_wconf 83' lang='lat' dir='ltr'><strong>fuerant</strong></span> <span class='ocrx_word' id='word_1_6' title='bbox 509 368 547 411; x_wconf 86' lang='lat' dir='ltr'><strong>ax</strong></span> <span class='ocrx_word' id='word_1_7' title='bbox 570 345 721 412; x_wconf 79' lang='lat' dir='ltr'>hostibus</span> <span class='ocrx_word' id='word_1_8' title='bbox 743 346 947 426; x_wconf 86' lang='lat' dir='ltr'><strong>noscitanda,</strong></span> <span class='ocrx_word' id='word_1_9' title='bbox 970 347 1040 432; x_wconf 92' lang='lat' dir='ltr'><strong>ipse</strong></span> <span class='ocrx_word' id='word_1_10' title='bbox 1063 371 1120 432; x_wconf 92' lang='lat' dir='ltr'><strong>per</strong></span> 
     </span>
     <span class='ocr_line' id='line_1_3' title="bbox 104 434 1120 520; baseline 0.002 -21"><span class='ocrx_word' id='word_1_11' title='bbox 104 456 157 500; x_wconf 84' lang='lat' dir='ltr'><strong>ms</strong></span> <span class='ocrx_word' id='word_1_12' title='bbox 180 456 336 520; x_wconf 93' lang='lat' dir='ltr'><strong>praesens</strong></span> <span class='ocrx_word' id='word_1_13' title='bbox 360 436 462 501; x_wconf 92' lang='lat' dir='ltr'><strong>oculis</strong></span> <span class='ocrx_word' id='word_1_14' title='bbox 485 434 690 519; x_wconf 83' lang='lat' dir='ltr'><strong>deprehendi.</strong></span> <span class='ocrx_word' id='word_1_15' title='bbox 731 434 845 520; x_wconf 89' lang='lat' dir='ltr'><strong>Neque</strong></span> <span class='ocrx_word' id='word_1_16' title='bbox 873 437 901 500; x_wconf 94' lang='lat' dir='ltr'><strong>si</strong></span> <span class='ocrx_word' id='word_1_17' title='bbox 928 436 1015 500; x_wconf 86' lang='lat' dir='ltr'><strong>foret</strong></span> <span class='ocrx_word' id='word_1_18' title='bbox 1037 438 1120 520; x_wconf 90' lang='lat' dir='ltr'><strong>peri-</strong></span> 
     </span>
     <span class='ocr_line' id='line_1_4' title="bbox 104 523 1120 610; baseline 0.003 -23"><span class='ocrx_word' id='word_1_19' title='bbox 104 523 215 588; x_wconf 91' lang='lat' dir='ltr'><strong>culum</strong></span> <span class='ocrx_word' id='word_1_20' title='bbox 238 524 278 590; x_wconf 85' lang='lat' dir='ltr'><strong>do</strong></span> <span class='ocrx_word' id='word_1_21' title='bbox 301 524 509 591; x_wconf 88' lang='lat' dir='ltr'><strong>multitudine</strong></span> <span class='ocrx_word' id='word_1_22' title='bbox 532 524 740 608; x_wconf 81' lang='lat' dir='ltr'>ignavorum,</span> <span class='ocrx_word' id='word_1_23' title='bbox 762 546 832 589; x_wconf 94' lang='lat' dir='ltr'><strong>non</strong></span> <span class='ocrx_word' id='word_1_24' title='bbox 854 528 1005 610; x_wconf 76' lang='lat' dir='ltr'><strong>prompte</strong></span> <span class='ocrx_word' id='word_1_25' title='bbox 1027 526 1120 591; x_wconf 87' lang='lat' dir='ltr'><strong>vobis</strong></span> 
     </span>
     <span class='ocr_line' id='line_1_5' title="bbox 104 611 1120 698; baseline 0.003 -22"><span class='ocrx_word' id='word_1_26' title='bbox 104 611 203 678; x_wconf 85' lang='lat' dir='ltr'><strong>fidem</strong></span> <span class='ocrx_word' id='word_1_27' title='bbox 231 614 280 679; x_wconf 93' lang='lat' dir='ltr'><strong>rei</strong></span> <span class='ocrx_word' id='word_1_28' title='bbox 307 617 491 698; x_wconf 80' lang='lat' dir='ltr'><strong>compertae</strong></span> <span class='ocrx_word' id='word_1_29' title='bbox 514 612 677 678; x_wconf 83' lang='lat' dir='ltr'><strong>dixissem.</strong></span> <span class='ocrx_word' id='word_1_30' title='bbox 723 611 807 678; x_wconf 79' lang='lat' dir='ltr'><strong>Sunt</strong></span> <span class='ocrx_word' id='word_1_31' title='bbox 835 614 921 679; x_wconf 86' lang='lat' dir='ltr'><strong>onim</strong></span> <span class='ocrx_word' id='word_1_32' title='bbox 948 614 1008 679; x_wconf 88' lang='lat' dir='ltr'><strong>illa</strong></span> <span class='ocrx_word' id='word_1_33' title='bbox 1035 616 1120 679; x_wconf 84' lang='lat' dir='ltr'><strong>inex·</strong></span> 
     </span>
     <span class='ocr_line' id='line_1_6' title="bbox 78 700 1121 788; baseline 0.006 -27"><span class='ocrx_word' id='word_1_34' title='bbox 78 701 275 785; x_wconf 86' lang='lat' dir='ltr'><strong>splicabilia</strong></span> <span class='ocrx_word' id='word_1_35' title='bbox 287 703 431 768; x_wconf 90' lang='lat' dir='ltr'><strong>hostium</strong></span> <span class='ocrx_word' id='word_1_36' title='bbox 446 702 546 786; x_wconf 91' lang='lat' dir='ltr'><strong>milia,</strong></span> <span class='ocrx_word' id='word_1_37' title='bbox 564 701 620 766; x_wconf 86' lang='lat' dir='ltr'><strong>sad</strong></span> <span class='ocrx_word' id='word_1_38' title='bbox 640 700 727 765; x_wconf 88' lang='lat' dir='ltr'><strong>enim</strong></span> <span class='ocrx_word' id='word_1_39' title='bbox 747 723 840 788; x_wconf 87' lang='lat' dir='ltr'><strong>sagas</strong></span> <span class='ocrx_word' id='word_1_40' title='bbox 854 723 988 786; x_wconf 90' lang='lat' dir='ltr'><strong>prorsus</strong></span> <span class='ocrx_word' id='word_1_41' title='bbox 1001 702 1121 769; x_wconf 86' lang='lat' dir='ltr'><strong>facilis·</strong></span> 
     </span>
     <span class='ocr_line' id='line_1_7' title="bbox 107 789 1122 876; baseline 0.001 -21"><span class='ocrx_word' id='word_1_42' title='bbox 107 813 169 876; x_wconf 91' lang='lat' dir='ltr'><strong>que</strong></span> <span class='ocrx_word' id='word_1_43' title='bbox 194 791 330 857; x_wconf 86' lang='lat' dir='ltr'><strong>matoria</strong></span> <span class='ocrx_word' id='word_1_44' title='bbox 346 790 496 855; x_wconf 86' lang='lat' dir='ltr'><strong>manibus</strong></span> <span class='ocrx_word' id='word_1_45' title='bbox 521 811 558 854; x_wconf 93' lang='lat' dir='ltr'><strong>ao</strong></span> <span class='ocrx_word' id='word_1_46' title='bbox 576 789 752 855; x_wconf 87' lang='lat' dir='ltr'><strong>virtutibus</strong></span> <span class='ocrx_word' id='word_1_47' title='bbox 770 791 888 856; x_wconf 83' lang='lat' dir='ltr'><strong>vestris</strong></span> <span class='ocrx_word' id='word_1_48' title='bbox 913 791 1037 876; x_wconf 89' lang='lat' dir='ltr'><strong>cadent,</strong></span> <span class='ocrx_word' id='word_1_49' title='bbox 1059 792 1122 856; x_wconf 90' lang='lat' dir='ltr'><strong>nisi</strong></span> 
     </span>
     <span class='ocr_line' id='line_1_8' title="bbox 107 878 1120 965; baseline 0.002 -21"><span class='ocrx_word' id='word_1_50' title='bbox 107 882 159 945; x_wconf 89' lang='lat' dir='ltr'><strong>cui</strong></span> <span class='ocrx_word' id='word_1_51' title='bbox 182 884 325 947; x_wconf 84' lang='lat' dir='ltr'><strong>vestrum</strong></span> <span class='ocrx_word' id='word_1_52' title='bbox 348 879 468 944; x_wconf 92' lang='lat' dir='ltr'><strong>arduus</strong></span> <span class='ocrx_word' id='word_1_53' title='bbox 492 878 620 963; x_wconf 88' lang='lat' dir='ltr'><strong>quidem</strong></span> <span class='ocrx_word' id='word_1_54' title='bbox 645 882 677 942; x_wconf 89' lang='lat' dir='ltr'><strong>at</strong></span> <span class='ocrx_word' id='word_1_55' title='bbox 699 879 870 964; x_wconf 84' lang='lat' dir='ltr'><strong>fugiendus</strong></span> <span class='ocrx_word' id='word_1_56' title='bbox 894 879 947 945; x_wconf 93' lang='lat' dir='ltr'><strong>hic</strong></span> <span class='ocrx_word' id='word_1_57' title='bbox 970 881 1078 965; x_wconf 92' lang='lat' dir='ltr'><strong>labor,</strong></span> <span class='ocrx_word' id='word_1_58' title='bbox 1102 903 1120 946; x_wconf 94' lang='lat' dir='ltr'><strong>o</strong></span> 
     </span>
     <span class='ocr_line' id='line_1_9' title="bbox 105 966 1120 1052; baseline 0 -18"><span class='ocrx_word' id='word_1_59' title='bbox 105 966 313 1052; x_wconf 77' lang='lat' dir='ltr'><strong>Macedones,</strong></span> <span class='ocrx_word' id='word_1_60' title='bbox 335 967 496 1051; x_wconf 83' lang='lat' dir='ltr'><strong>videatur,</strong></span> <span class='ocrx_word' id='word_1_61' title='bbox 524 967 552 1031; x_wconf 93' lang='lat' dir='ltr'><strong>si</strong></span> <span class='ocrx_word' id='word_1_62' title='bbox 575 966 669 1031; x_wconf 84' lang='lat' dir='ltr'><strong>vobis</strong></span> <span class='ocrx_word' id='word_1_63' title='bbox 692 969 786 1031; x_wconf 88' lang='lat' dir='ltr'><strong>tanta</strong></span> <span class='ocrx_word' id='word_1_64' title='bbox 809 969 852 1032; x_wconf 88' lang='lat' dir='ltr'><strong>sit</strong></span> <span class='ocrx_word' id='word_1_65' title='bbox 876 968 1030 1034; x_wconf 87' lang='lat' dir='ltr'><strong>caedendi</strong></span> <span class='ocrx_word' id='word_1_66' title='bbox 1054 992 1120 1033; x_wconf 84' lang='lat' dir='ltr'><strong>ma-</strong></span> 
     </span>
     <span class='ocr_line' id='line_1_10' title="bbox 106 1056 1121 1141; baseline 0.001 -20"><span class='ocrx_word' id='word_1_67' title='bbox 106 1057 199 1140; x_wconf 84' lang='lat' dir='ltr'><strong>teria,</strong></span> <span class='ocrx_word' id='word_1_68' title='bbox 222 1060 378 1141; x_wconf 89' lang='lat' dir='ltr'><strong>quantam</strong></span> <span class='ocrx_word' id='word_1_69' title='bbox 397 1060 514 1121; x_wconf 90' lang='lat' dir='ltr'><strong>renuat</strong></span> <span class='ocrx_word' id='word_1_70' title='bbox 537 1077 574 1120; x_wconf 93' lang='lat' dir='ltr'><strong>ao</strong></span> <span class='ocrx_word' id='word_1_71' title='bbox 591 1058 718 1120; x_wconf 89' lang='lat' dir='ltr'><strong>recuset</strong></span> <span class='ocrx_word' id='word_1_72' title='bbox 736 1056 880 1121; x_wconf 84' lang='lat' dir='ltr'><strong>victricis</strong></span> <span class='ocrx_word' id='word_1_73' title='bbox 900 1057 1051 1122; x_wconf 78' lang='lat' dir='ltr'><strong>dexterae</strong></span> <span class='ocrx_word' id='word_1_74' title='bbox 1075 1058 1121 1122; x_wconf 89' lang='lat' dir='ltr'><strong>fa·</strong></span> 
     </span>
     <span class='ocr_line' id='line_1_11' title="bbox 67 1143 1122 1228; baseline 0.005 -23"><span class='ocrx_word' id='word_1_75' title='bbox 67 1165 93 1206; x_wconf 79' lang='lat' dir='ltr'><strong>ro</strong></span> <span class='ocrx_word' id='word_1_76' title='bbox 107 1143 248 1227; x_wconf 89' lang='lat' dir='ltr'><strong>tigatio.&#39;</strong></span> <span class='ocrx_word' id='word_1_77' title='bbox 293 1143 345 1209; x_wconf 85' lang='lat' dir='ltr'><strong>Ad</strong></span> <span class='ocrx_word' id='word_1_78' title='bbox 367 1143 448 1209; x_wconf 92' lang='lat' dir='ltr'><strong>haec</strong></span> <span class='ocrx_word' id='word_1_79' title='bbox 472 1144 558 1209; x_wconf 90' lang='lat' dir='ltr'><strong>diota</strong></span> <span class='ocrx_word' id='word_1_80' title='bbox 586 1143 786 1228; x_wconf 88' lang='lat' dir='ltr'><strong>gratantium</strong></span> <span class='ocrx_word' id='word_1_81' title='bbox 810 1165 904 1209; x_wconf 89' lang='lat' dir='ltr'><strong>voces</strong></span> <span class='ocrx_word' id='word_1_82' title='bbox 934 1148 968 1209; x_wconf 90' lang='lat' dir='ltr'><strong>et</strong></span> <span class='ocrx_word' id='word_1_83' title='bbox 995 1146 1122 1210; x_wconf 85' lang='lat' dir='ltr'><strong>laetitia</strong></span> 
     </span>
     <span class='ocr_line' id='line_1_12' title="bbox 105 1231 1122 1317; baseline 0.003 -22"><span class='ocrx_word' id='word_1_84' title='bbox 105 1231 247 1297; x_wconf 87' lang='lat' dir='ltr'><strong>militum</strong></span> <span class='ocrx_word' id='word_1_85' title='bbox 281 1232 481 1317; x_wconf 80' lang='lat' dir='ltr'><strong>congruebat</strong></span> <span class='ocrx_word' id='word_1_86' title='bbox 515 1232 604 1296; x_wconf 92' lang='lat' dir='ltr'><strong>omni</strong></span> <span class='ocrx_word' id='word_1_87' title='bbox 639 1231 763 1296; x_wconf 89' lang='lat' dir='ltr'><strong>scilicet</strong></span> <span class='ocrx_word' id='word_1_88' title='bbox 797 1232 967 1298; x_wconf 88' lang='lat' dir='ltr'><strong>alacritate</strong></span> <span class='ocrx_word' id='word_1_89' title='bbox 1000 1234 1122 1298; x_wconf 89' lang='lat' dir='ltr'><strong>bellum</strong></span> 
     </span>
     <span class='ocr_line' id='line_1_13' title="bbox 105 1318 799 1405; baseline -0.001 -20"><span class='ocrx_word' id='word_1_90' title='bbox 105 1318 169 1385; x_wconf 90' lang='lat' dir='ltr'><strong>sibi</strong></span> <span class='ocrx_word' id='word_1_91' title='bbox 193 1320 446 1387; x_wconf 87' lang='lat' dir='ltr'><strong>desiderantium</strong></span> <span class='ocrx_word' id='word_1_92' title='bbox 470 1319 799 1405; x_wconf 85' lang='lat' dir='ltr'><strong>exspectantiumque.</strong></span> 
     </span>
     <span class='ocr_line' id='line_1_14' title="bbox 196 1407 1120 1493; baseline 0 -19"><span class='ocrx_word' id='word_1_93' title='bbox 196 1407 256 1477; x_wconf 79' lang='lat'><strong>28.</strong></span> <span class='ocrx_word' id='word_1_94' title='bbox 285 1409 425 1474; x_wconf 86' lang='lat' dir='ltr'><strong>Acicbus</strong></span> <span class='ocrx_word' id='word_1_95' title='bbox 448 1409 549 1493; x_wconf 87' lang='lat' dir='ltr'><strong>igitur</strong></span> <span class='ocrx_word' id='word_1_96' title='bbox 572 1408 727 1473; x_wconf 90' lang='lat' dir='ltr'><strong>ordinatis</strong></span> <span class='ocrx_word' id='word_1_97' title='bbox 750 1410 883 1492; x_wconf 88' lang='lat' dir='ltr'><strong>propter</strong></span> <span class='ocrx_word' id='word_1_98' title='bbox 905 1409 990 1472; x_wconf 87' lang='lat' dir='ltr'><strong>latus</strong></span> <span class='ocrx_word' id='word_1_99' title='bbox 1013 1410 1120 1474; x_wconf 91' lang='lat' dir='ltr'><strong>flumi-</strong></span> 
     </span>
     <span class='ocr_line' id='line_1_15' title="bbox 106 1495 1119 1584; baseline -0.001 -21"><span class='ocrx_word' id='word_1_100' title='bbox 106 1498 157 1564; x_wconf 88' lang='lat' dir='ltr'><strong>nis</strong></span> <span class='ocrx_word' id='word_1_101' title='bbox 182 1496 350 1584; x_wconf 84' lang='lat' dir='ltr'><strong>Strangae,</strong></span> <span class='ocrx_word' id='word_1_102' title='bbox 372 1498 510 1563; x_wconf 91' lang='lat' dir='ltr'><strong>Darium</strong></span> <span class='ocrx_word' id='word_1_103' title='bbox 533 1497 632 1562; x_wconf 89' lang='lat' dir='ltr'><strong>otiam</strong></span> <span class='ocrx_word' id='word_1_104' title='bbox 655 1497 768 1562; x_wconf 85' lang='lat' dir='ltr'><strong>codem</strong></span> <span class='ocrx_word' id='word_1_105' title='bbox 789 1495 980 1562; x_wconf 83' lang='lat' dir='ltr'><strong>Macedones</strong></span> <span class='ocrx_word' id='word_1_106' title='bbox 1005 1498 1119 1562; x_wconf 84' lang='lat' dir='ltr'><strong>adven-</strong></span> 
     </span>
     <span class='ocr_line' id='line_1_16' title="bbox 67 1585 1120 1673; baseline 0.001 -24"><span class='ocrx_word' id='word_1_107' title='bbox 67 1608 94 1650; x_wconf 83' lang='lat' dir='ltr'><strong>1s</strong></span> <span class='ocrx_word' id='word_1_108' title='bbox 107 1591 177 1652; x_wconf 86' lang='lat' dir='ltr'><strong>tara</strong></span> <span class='ocrx_word' id='word_1_109' title='bbox 201 1609 275 1653; x_wconf 92' lang='lat' dir='ltr'><strong>cum</strong></span> <span class='ocrx_word' id='word_1_110' title='bbox 302 1586 391 1651; x_wconf 93' lang='lat' dir='ltr'><strong>omni</strong></span> <span class='ocrx_word' id='word_1_111' title='bbox 418 1608 477 1652; x_wconf 92' lang='lat' dir='ltr'><strong>suo</strong></span> <span class='ocrx_word' id='word_1_112' title='bbox 506 1587 635 1673; x_wconf 84' lang='lat' dir='ltr'><strong>agmine</strong></span> <span class='ocrx_word' id='word_1_113' title='bbox 662 1586 728 1651; x_wconf 85' lang='lat' dir='ltr'><strong>iam</strong></span> <span class='ocrx_word' id='word_1_114' title='bbox 755 1585 909 1669; x_wconf 87' lang='lat' dir='ltr'><strong>intrepidi</strong></span> <span class='ocrx_word' id='word_1_115' title='bbox 937 1587 1120 1668; x_wconf 89' lang='lat' dir='ltr'><strong>cernebant,</strong></span> 
     </span>
     <span class='ocr_line' id='line_1_17' title="bbox 109 1675 1121 1760; baseline -0.001 -18"><span class='ocrx_word' id='word_1_116' title='bbox 109 1675 198 1742; x_wconf 89' lang='lat' dir='ltr'><strong>omni</strong></span> <span class='ocrx_word' id='word_1_117' title='bbox 222 1675 345 1741; x_wconf 88' lang='lat' dir='ltr'><strong>scilicet</strong></span> <span class='ocrx_word' id='word_1_118' title='bbox 367 1679 461 1759; x_wconf 91' lang='lat' dir='ltr'><strong>parte</strong></span> <span class='ocrx_word' id='word_1_119' title='bbox 484 1679 654 1760; x_wconf 91' lang='lat' dir='ltr'><strong>terrarum,</strong></span> <span class='ocrx_word' id='word_1_120' title='bbox 678 1697 743 1760; x_wconf 86' lang='lat' dir='ltr'><strong>qua</strong></span> <span class='ocrx_word' id='word_1_121' title='bbox 763 1675 938 1740; x_wconf 84' lang='lat' dir='ltr'><strong>visentium</strong></span> <span class='ocrx_word' id='word_1_122' title='bbox 961 1677 1045 1740; x_wconf 85' lang='lat' dir='ltr'><strong>oculi</strong></span> <span class='ocrx_word' id='word_1_123' title='bbox 1068 1699 1121 1741; x_wconf 80' lang='lat' dir='ltr'><strong>ra-</strong></span> 
     </span>
     <span class='ocr_line' id='line_1_18' title="bbox 106 1763 1121 1850; baseline 0.001 -21"><span class='ocrx_word' id='word_1_124' title='bbox 106 1767 270 1849; x_wconf 88' lang='lat' dir='ltr'><strong>garentur,</strong></span> <span class='ocrx_word' id='word_1_125' title='bbox 288 1764 462 1850; x_wconf 89' lang='lat' dir='ltr'><strong>phalangis</strong></span> <span class='ocrx_word' id='word_1_126' title='bbox 481 1765 550 1830; x_wconf 88' lang='lat' dir='ltr'><strong>aius</strong></span> <span class='ocrx_word' id='word_1_127' title='bbox 569 1767 666 1848; x_wconf 86' lang='lat' dir='ltr'><strong>atque</strong></span> <span class='ocrx_word' id='word_1_128' title='bbox 686 1764 856 1829; x_wconf 86' lang='lat' dir='ltr'><strong>ordinibus</strong></span> <span class='ocrx_word' id='word_1_129' title='bbox 876 1763 1121 1830; x_wconf 88' lang='lat' dir='ltr'><strong>confluentibus.</strong></span> 
     </span>
     <span class='ocr_line' id='line_1_19' title="bbox 105 1851 1121 1939; baseline 0.001 -21"><span class='ocrx_word' id='word_1_130' title='bbox 105 1851 205 1918; x_wconf 79' lang='lat' dir='ltr'><strong>Enim</strong></span> <span class='ocrx_word' id='word_1_131' title='bbox 226 1874 299 1918; x_wconf 93' lang='lat' dir='ltr'><strong>cum</strong></span> <span class='ocrx_word' id='word_1_132' title='bbox 318 1853 375 1919; x_wconf 91' lang='lat' dir='ltr'><strong>illa</strong></span> <span class='ocrx_word' id='word_1_133' title='bbox 395 1852 556 1939; x_wconf 83' lang='lat' dir='ltr'><strong>Strangaa</strong></span> <span class='ocrx_word' id='word_1_134' title='bbox 576 1853 742 1919; x_wconf 89' lang='lat' dir='ltr'><strong>mobilitas</strong></span> <span class='ocrx_word' id='word_1_135' title='bbox 765 1853 927 1919; x_wconf 90' lang='lat' dir='ltr'><strong>naturalis</strong></span> <span class='ocrx_word' id='word_1_136' title='bbox 946 1875 1057 1919; x_wconf 93' lang='lat' dir='ltr'><strong>rursus</strong></span> <span class='ocrx_word' id='word_1_137' title='bbox 1082 1854 1121 1918; x_wconf 90' lang='lat' dir='ltr'><strong>ad</strong></span> 
     </span>
     <span class='ocr_line' id='line_1_20' title="bbox 108 1941 1122 2026; baseline 0.001 -20"><span class='ocrx_word' id='word_1_138' title='bbox 108 1941 246 2026; x_wconf 80' lang='lat' dir='ltr'><strong>glaciem</strong></span> <span class='ocrx_word' id='word_1_139' title='bbox 280 1943 487 2008; x_wconf 78' lang='lat' dir='ltr'><strong>convenisset</strong></span> <span class='ocrx_word' id='word_1_140' title='bbox 518 1946 551 2007; x_wconf 90' lang='lat' dir='ltr'><strong>et</strong></span> <span class='ocrx_word' id='word_1_141' title='bbox 584 1945 724 2008; x_wconf 90' lang='lat' dir='ltr'><strong>stratum</strong></span> <span class='ocrx_word' id='word_1_142' title='bbox 763 1942 849 2008; x_wconf 84' lang='lat' dir='ltr'><strong>alvei</strong></span> <span class='ocrx_word' id='word_1_143' title='bbox 880 1944 1122 2009; x_wconf 88' lang='lat' dir='ltr'><strong>tenacissimum</strong></span> 
     </span>
     <span class='ocr_line' id='line_1_21' title="bbox 68 2030 1123 2134; baseline 0.003 -40"><span class='ocrx_word' id='word_1_144' title='bbox 68 2052 95 2094; x_wconf 80' lang='lat' dir='ltr'><strong>ao</strong></span> <span class='ocrx_word' id='word_1_145' title='bbox 108 2030 248 2096; x_wconf 85' lang='lat' dir='ltr'><strong>fideliter</strong></span> <span class='ocrx_word' id='word_1_146' title='bbox 268 2035 301 2096; x_wconf 89' lang='lat' dir='ltr'><strong>ot</strong></span> <span class='ocrx_word' id='word_1_147' title='bbox 286 2031 369 2096; x_wconf 90' lang='lat' dir='ltr'><strong>tiam</strong></span> <span class='ocrx_word' id='word_1_148' title='bbox 386 2034 559 2097; x_wconf 89' lang='lat' dir='ltr'><strong>transeunt</strong></span> <span class='ocrx_word' id='word_1_149' title='bbox 545 2031 633 2096; x_wconf 91' lang='lat' dir='ltr'><strong>tibus</strong></span> <span class='ocrx_word' id='word_1_150' title='bbox 652 2031 868 2116; x_wconf 85' lang='lat' dir='ltr'><strong>polliceretur,</strong></span> <span class='ocrx_word' id='word_1_151' title='bbox 892 2031 1011 2097; x_wconf 90' lang='lat' dir='ltr'><strong>Darius</strong></span> <span class='ocrx_word' id='word_1_152' title='bbox 1035 2033 1123 2134; x_wconf 85' lang='lat' dir='ltr'><strong>prior</strong></span> 
     </span>
     <span class='ocr_line' id='line_1_22' title="bbox 107 2118 1122 2202; baseline 0 -18"><span class='ocrx_word' id='word_1_153' title='bbox 107 2119 194 2184; x_wconf 91' lang='lat' dir='ltr'><strong>haud</strong></span> <span class='ocrx_word' id='word_1_154' title='bbox 207 2118 361 2185; x_wconf 88' lang='lat' dir='ltr'><strong>dubitans</strong></span> <span class='ocrx_word' id='word_1_155' title='bbox 380 2122 529 2186; x_wconf 68' lang='lat' dir='ltr'><strong>modas</strong></span> <span class='ocrx_word' id='word_1_156' title='bbox 547 2120 675 2184; x_wconf 91' lang='lat' dir='ltr'><strong>ordines</strong></span> <span class='ocrx_word' id='word_1_157' title='bbox 695 2140 770 2184; x_wconf 89' lang='lat' dir='ltr'><strong>suos</strong></span> <span class='ocrx_word' id='word_1_158' title='bbox 785 2120 928 2202; x_wconf 87' lang='lat' dir='ltr'><strong>perinde,</strong></span> <span class='ocrx_word' id='word_1_159' title='bbox 947 2124 983 2185; x_wconf 94' lang='lat' dir='ltr'><strong>ut</strong></span> <span class='ocrx_word' id='word_1_160' title='bbox 1002 2121 1036 2184; x_wconf 91' lang='lat' dir='ltr'><strong>in</strong></span> <span class='ocrx_word' id='word_1_161' title='bbox 1055 2121 1122 2185; x_wconf 90' lang='lat' dir='ltr'><strong>acie</strong></span> 
     </span>
     <span class='ocr_line' id='line_1_23' title="bbox 107 2206 1120 2295; baseline -0.006 -19"><span class='ocrx_word' id='word_1_162' title='bbox 107 2207 321 2276; x_wconf 80' lang='lat' dir='ltr'><strong>constiterant</strong></span> <span class='ocrx_word' id='word_1_163' title='bbox 321 2209 524 2295; x_wconf 89' lang='lat' dir='ltr'><strong>,transgredi</strong></span> <span class='ocrx_word' id='word_1_164' title='bbox 532 2206 671 2272; x_wconf 89' lang='lat' dir='ltr'><strong>flumen</strong></span> <span class='ocrx_word' id='word_1_165' title='bbox 660 2229 695 2271; x_wconf 92' lang='lat' dir='ltr'><strong>1n</strong></span> <span class='ocrx_word' id='word_1_166' title='bbox 697 2208 846 2271; x_wconf 80' lang='lat' dir='ltr'><strong>ursitum</strong></span> <span class='ocrx_word' id='word_1_167' title='bbox 856 2207 956 2271; x_wconf 86' lang='lat' dir='ltr'><strong>rubo</strong></span> <span class='ocrx_word' id='word_1_168' title='bbox 970 2207 1120 2271; x_wconf 83' lang='lat' dir='ltr'><strong>Emensis</strong></span> 
     </span>
     <span class='ocr_line' id='line_1_24' title="bbox 107 2291 1121 2486; baseline -0.003 -37"><span class='ocrx_word' id='word_1_169' title='bbox 107 2295 587 2486; x_wconf 51' lang='lat' dir='ltr'><strong>{ttibt‘ssiiirsstdddddd</strong></span> <span class='ocrx_word' id='word_1_170' title='bbox 606 2291 894 2467; x_wconf 50' lang='lat' dir='ltr'><strong>bittunt</strong></span> <span class='ocrx_word' id='word_1_171' title='bbox 895 2316 943 2447; x_wconf 75' lang='lat' dir='ltr'><strong>t</strong></span> <span class='ocrx_word' id='word_1_172' title='bbox 921 2295 1121 2446; x_wconf 54' lang='lat' dir='ltr'><strong>didiscit</strong></span> 
     </span>
     <span class='ocr_line' id='line_1_25' title="bbox 67 2433 1123 2556; baseline -0.003 -19"><span class='ocrx_word' id='word_1_173' title='bbox 67 2495 94 2538; x_wconf 81' lang='lat' dir='ltr'><strong>rs</strong></span> <span class='ocrx_word' id='word_1_174' title='bbox 109 2473 233 2538; x_wconf 89' lang='lat' dir='ltr'><strong>eminus</strong></span> <span class='ocrx_word' id='word_1_175' title='bbox 253 2471 377 2537; x_wconf 88' lang='lat' dir='ltr'><strong>eunctis</strong></span> <span class='ocrx_word' id='word_1_176' title='bbox 397 2473 459 2537; x_wconf 83' lang='lat' dir='ltr'><strong>visi</strong></span> <span class='ocrx_word' id='word_1_177' title='bbox 479 2433 659 2556; x_wconf 65' lang='lat' dir='ltr'><strong>consuebat,</strong></span> <span class='ocrx_word' id='word_1_178' title='bbox 681 2470 792 2535; x_wconf 85' lang='lat' dir='ltr'><strong>demut</strong></span> <span class='ocrx_word' id='word_1_179' title='bbox 777 2472 828 2535; x_wconf 92' lang='lat' dir='ltr'><strong>tat</strong></span> <span class='ocrx_word' id='word_1_180' title='bbox 846 2470 887 2535; x_wconf 90' lang='lat' dir='ltr'><strong>ad</strong></span> <span class='ocrx_word' id='word_1_181' title='bbox 906 2491 1028 2554; x_wconf 90' lang='lat' dir='ltr'><strong>currus,</strong></span> <span class='ocrx_word' id='word_1_182' title='bbox 1052 2471 1123 2554; x_wconf 91' lang='lat' dir='ltr'><strong>qui·</strong></span> 
     </span>
     <span class='ocr_line' id='line_1_26' title="bbox 107 2558 1122 2646; baseline -0.003 -19"><span class='ocrx_word' id='word_1_183' title='bbox 107 2561 169 2627; x_wconf 88' lang='lat' dir='ltr'><strong>bus</strong></span> <span class='ocrx_word' id='word_1_184' title='bbox 192 2560 403 2646; x_wconf 88' lang='lat' dir='ltr'><strong>proelialibus</strong></span> <span class='ocrx_word' id='word_1_185' title='bbox 426 2560 617 2643; x_wconf 86' lang='lat' dir='ltr'><strong>utebantur,</strong></span> <span class='ocrx_word' id='word_1_186' title='bbox 641 2558 817 2643; x_wconf 88' lang='lat' dir='ltr'><strong>itidemque</strong></span> <span class='ocrx_word' id='word_1_187' title='bbox 841 2559 949 2623; x_wconf 90' lang='lat' dir='ltr'><strong>cuncti</strong></span> <span class='ocrx_word' id='word_1_188' title='bbox 972 2561 1122 2642; x_wconf 88' lang='lat' dir='ltr'><strong>satrapae</strong></span> 
     </span>
     <span class='ocr_line' id='line_1_27' title="bbox 108 2647 1122 2734; baseline -0.003 -19"><span class='ocrx_word' id='word_1_189' title='bbox 108 2653 142 2716; x_wconf 90' lang='lat' dir='ltr'><strong>at</strong></span> <span class='ocrx_word' id='word_1_190' title='bbox 164 2650 339 2734; x_wconf 88' lang='lat' dir='ltr'><strong>optimates</strong></span> <span class='ocrx_word' id='word_1_191' title='bbox 359 2649 503 2714; x_wconf 88' lang='lat' dir='ltr'><strong>ciusdem</strong></span> <span class='ocrx_word' id='word_1_192' title='bbox 522 2648 654 2713; x_wconf 87' lang='lat' dir='ltr'><strong>imitatu</strong></span> <span class='ocrx_word' id='word_1_193' title='bbox 672 2648 825 2731; x_wconf 88' lang='lat' dir='ltr'><strong>fecerant,</strong></span> <span class='ocrx_word' id='word_1_194' title='bbox 848 2647 960 2712; x_wconf 90' lang='lat' dir='ltr'><strong>multis</strong></span> <span class='ocrx_word' id='word_1_195' title='bbox 979 2648 1044 2710; x_wconf 88' lang='lat' dir='ltr'><strong>iam</strong></span> <span class='ocrx_word' id='word_1_196' title='bbox 1068 2670 1122 2712; x_wconf 88' lang='lat' dir='ltr'><strong>ex-</strong></span> 
     </span>
     <span class='ocr_line' id='line_1_28' title="bbox 108 2735 1121 2820; baseline -0.002 -16"><span class='ocrx_word' id='word_1_197' title='bbox 108 2739 242 2804; x_wconf 83' lang='lat' dir='ltr'><strong>ercitum</strong></span> <span class='ocrx_word' id='word_1_198' title='bbox 264 2737 570 2820; x_wconf 86' lang='lat' dir='ltr'><strong>intercurrentibus,</strong></span> <span class='ocrx_word' id='word_1_199' title='bbox 598 2737 654 2820; x_wconf 92' lang='lat' dir='ltr'><strong>qui</strong></span> <span class='ocrx_word' id='word_1_200' title='bbox 675 2735 808 2801; x_wconf 86' lang='lat' dir='ltr'><strong>virtutis</strong></span> <span class='ocrx_word' id='word_1_201' title='bbox 832 2736 948 2802; x_wconf 88' lang='lat' dir='ltr'><strong>solitae</strong></span> <span class='ocrx_word' id='word_1_202' title='bbox 973 2735 1121 2820; x_wconf 89' lang='lat' dir='ltr'><strong>singulos</strong></span> 
     </span>
     <span class='ocr_line' id='line_1_29' title="bbox 109 2824 1120 2910; baseline -0.003 -17"><span class='ocrx_word' id='word_1_203' title='bbox 109 2829 143 2894; x_wconf 88' lang='lat' dir='ltr'><strong>et</strong></span> <span class='ocrx_word' id='word_1_204' title='bbox 165 2826 393 2893; x_wconf 89' lang='lat' dir='ltr'><strong>necessitatum</strong></span> <span class='ocrx_word' id='word_1_205' title='bbox 412 2825 635 2910; x_wconf 90' lang='lat' dir='ltr'><strong>praesentium</strong></span> <span class='ocrx_word' id='word_1_206' title='bbox 654 2828 905 2891; x_wconf 87' lang='lat' dir='ltr'><strong>commonerent.</strong></span> <span class='ocrx_word' id='word_1_207' title='bbox 945 2824 973 2889; x_wconf 84' lang='lat' dir='ltr'><strong>E</strong></span> <span class='ocrx_word' id='word_1_208' title='bbox 993 2824 1120 2890; x_wconf 87' lang='lat' dir='ltr'><strong>diverso</strong></span> 
     </span>
    </p>
   </div>
   <div class='ocr_carea' id='block_1_3' title="bbox 92 2979 1123 3608">
    <p class='ocr_par' dir='ltr' id='par_1_3' title="bbox 92 2979 1121 3192">
     <span class='ocr_line' id='line_1_30' title="bbox 198 2979 1121 3038; baseline -0.004 0"><span class='ocrx_word' id='word_1_209' title='bbox 198 2989 214 3038; x_wconf 87' lang='grc'>0</span> <span class='ocrx_word' id='word_1_210' title='bbox 232 2982 276 3037; x_wconf 88' lang='lat' dir='ltr'><strong>vir</strong></span> <span class='ocrx_word' id='word_1_211' title='bbox 277 2982 384 3038; x_wconf 88' lang='lat' dir='ltr'><strong>tutibus</strong></span> <span class='ocrx_word' id='word_1_212' title='bbox 402 2981 504 3037; x_wconf 87' lang='lat' dir='ltr'><strong>vestris</strong></span> <span class='ocrx_word' id='word_1_213' title='bbox 523 2981 623 3036; x_wconf 87' lang='lat' dir='ltr'><strong>cadent</strong></span> <span class='ocrx_word' id='word_1_214' title='bbox 638 2979 702 3037; x_wconf 82' lang='lat' dir='ltr'><strong>God.</strong></span> <span class='ocrx_word' id='word_1_215' title='bbox 720 2981 771 3037; x_wconf 79' lang='lat' dir='ltr'><strong>Oc</strong></span> <span class='ocrx_word' id='word_1_216' title='bbox 798 2980 951 3036; x_wconf 86' lang='lat' dir='ltr'><strong>virtutibus</strong></span> <span class='ocrx_word' id='word_1_217' title='bbox 966 2981 1070 3035; x_wconf 87' lang='lat' dir='ltr'><strong>nostris</strong></span> <span class='ocrx_word' id='word_1_218' title='bbox 1087 2982 1121 3036; x_wconf 92' lang='lat' dir='ltr'><strong>P.</strong></span> 
     </span>
     <span class='ocr_line' id='line_1_31' title="bbox 92 3051 1121 3134; baseline -0.002 -24"><span class='ocrx_word' id='word_1_219' title='bbox 92 3072 95 3077; x_wconf 89' lang='lat'>·</span> <span class='ocrx_word' id='word_1_220' title='bbox 198 3053 245 3110; x_wconf 74' lang='lat'><strong>28.</strong></span> <span class='ocrx_word' id='word_1_221' title='bbox 271 3059 304 3108; x_wconf 86' lang='lat'><strong>13</strong></span> <span class='ocrx_word' id='word_1_222' title='bbox 323 3056 440 3124; x_wconf 84' lang='lat' dir='ltr'><strong>proter</strong></span> <span class='ocrx_word' id='word_1_223' title='bbox 450 3069 557 3122; x_wconf 72' lang='lat' dir='ltr'><strong>scripsi</strong></span> <span class='ocrx_word' id='word_1_224' title='bbox 577 3052 731 3134; x_wconf 85' lang='lat' dir='ltr'><strong>praetarP.</strong></span> <span class='ocrx_word' id='word_1_225' title='bbox 751 3052 786 3119; x_wconf 77' lang='lat' dir='ltr'><strong>cf.</strong></span> <span class='ocrx_word' id='word_1_226' title='bbox 801 3069 831 3123; x_wconf 84' lang='lat' dir='ltr'><strong>p.</strong></span> <span class='ocrx_word' id='word_1_227' title='bbox 843 3057 902 3120; x_wconf 89' lang='grc'>100,</span> <span class='ocrx_word' id='word_1_228' title='bbox 912 3057 955 3107; x_wconf 76' lang='grc'><strong>27.</strong></span> <span class='ocrx_word' id='word_1_229' title='bbox 975 3051 1050 3106; x_wconf 87' lang='lat' dir='ltr'><strong>latus</strong></span> <span class='ocrx_word' id='word_1_230' title='bbox 1062 3053 1121 3108; x_wconf 82' lang='lat' dir='ltr'><strong>Mr</strong></span> 
     </span>
     <span class='ocr_line' id='line_1_32' title="bbox 109 3122 797 3194; baseline 0 -16"><span class='ocrx_word' id='word_1_231' title='bbox 109 3125 186 3181; x_wconf 80' lang='lat' dir='ltr'><strong>lutus</strong></span> <span class='ocrx_word' id='word_1_232' title='bbox 205 3125 239 3182; x_wconf 91' lang='lat' dir='ltr'><strong>P.</strong></span> <span class='ocrx_word' id='word_1_233' title='bbox 313 3130 347 3179; x_wconf 91' lang='lat'><strong>14</strong></span> <span class='ocrx_word' id='word_1_234' title='bbox 387 3128 470 3194; x_wconf 87' lang='lat' dir='ltr'><strong>trang</strong></span> <span class='ocrx_word' id='word_1_235' title='bbox 472 3140 505 3180; x_wconf 85' lang='lat' dir='ltr'><strong>aa</strong></span> <span class='ocrx_word' id='word_1_236' title='bbox 525 3124 582 3178; x_wconf 81' lang='lat' dir='ltr'><strong>Mr.</strong></span> <span class='ocrx_word' id='word_1_237' title='bbox 614 3122 745 3192; x_wconf 85' lang='lat' dir='ltr'><strong>Strangio</strong></span> <span class='ocrx_word' id='word_1_238' title='bbox 764 3123 797 3178; x_wconf 91' lang='lat' dir='ltr'><strong>P</strong></span> 
     </span>
    </p>

    <p class='ocr_par' dir='ltr' id='par_1_4' title="bbox 110 3194 1122 3323">
     <span class='ocr_line' id='line_1_33' title="bbox 199 3194 1122 3265; baseline -0.001 -15"><span class='ocrx_word' id='word_1_239' title='bbox 199 3196 294 3250; x_wconf 81' lang='lat' dir='ltr'><strong>Hic</strong></span> <span class='ocrx_word' id='word_1_240' title='bbox 281 3197 382 3265; x_wconf 67' lang='lat' dir='ltr'><strong>rumpit</strong></span> <span class='ocrx_word' id='word_1_241' title='bbox 370 3196 495 3251; x_wconf 81' lang='lat' dir='ltr'><strong>tultcro</strong></span> <span class='ocrx_word' id='word_1_242' title='bbox 515 3210 587 3264; x_wconf 82' lang='lat' dir='ltr'><strong>porc</strong></span> <span class='ocrx_word' id='word_1_243' title='bbox 613 3210 718 3262; x_wconf 81' lang='lat' dir='ltr'><strong>eorum,</strong></span> <span class='ocrx_word' id='word_1_244' title='bbox 745 3210 815 3264; x_wconf 76' lang='lat' dir='ltr'><strong>quoe</strong></span> <span class='ocrx_word' id='word_1_245' title='bbox 843 3194 981 3249; x_wconf 79' lang='lat' dir='ltr'><strong>Maias</strong></span> <span class='ocrx_word' id='word_1_246' title='bbox 969 3213 1001 3249; x_wconf 73' lang='lat' dir='ltr'><strong>ru</strong></span> <span class='ocrx_word' id='word_1_247' title='bbox 1026 3194 1122 3264; x_wconf 82' lang='lat' dir='ltr'><strong>Spicil.</strong></span> 
     </span>
     <span class='ocr_line' id='line_1_34' title="bbox 110 3265 845 3324; baseline -0.005 -2"><span class='ocrx_word' id='word_1_248' title='bbox 110 3265 191 3324; x_wconf 85' lang='lat' dir='ltr'><strong>Rom.</strong></span> <span class='ocrx_word' id='word_1_249' title='bbox 211 3267 285 3323; x_wconf 84' lang='lat' dir='ltr'><strong>Tum.</strong></span> <span class='ocrx_word' id='word_1_250' title='bbox 300 3267 388 3321; x_wconf 91' lang='lat' dir='ltr'><strong><em>VIII</em></strong></span> <span class='ocrx_word' id='word_1_251' title='bbox 405 3283 438 3322; x_wconf 77' lang='lat' dir='ltr'><strong>ea</strong></span> <span class='ocrx_word' id='word_1_252' title='bbox 456 3267 546 3322; x_wconf 81' lang='lat' dir='ltr'><strong>codice</strong></span> <span class='ocrx_word' id='word_1_253' title='bbox 568 3265 735 3320; x_wconf 78' lang='lat' dir='ltr'><strong>Touriuensa&#39;</strong></span> <span class='ocrx_word' id='word_1_254' title='bbox 752 3265 845 3321; x_wconf 78' lang='lat' dir='ltr'><strong>edidit</strong></span> 
     </span>
    </p>

    <p class='ocr_par' dir='ltr' id='par_1_5' title="bbox 109 3334 1123 3608">
     <span class='ocr_line' id='line_1_35' title="bbox 201 3334 1122 3393; baseline -0.005 0"><span class='ocrx_word' id='word_1_255' title='bbox 201 3343 235 3392; x_wconf 88' lang='grc'><strong>14</strong></span> <span class='ocrx_word' id='word_1_256' title='bbox 254 3339 340 3393; x_wconf 85' lang='lat' dir='ltr'><strong>atram</strong></span> <span class='ocrx_word' id='word_1_257' title='bbox 353 3355 404 3393; x_wconf 86' lang='lat' dir='ltr'><strong>om</strong></span> <span class='ocrx_word' id='word_1_258' title='bbox 415 3338 446 3393; x_wconf 89' lang='grc' dir='ltr'><strong>Τ.</strong></span> <span class='ocrx_word' id='word_1_259' title='bbox 484 3343 524 3392; x_wconf 84' lang='grc'><strong>18</strong></span> <span class='ocrx_word' id='word_1_260' title='bbox 536 3336 682 3391; x_wconf 82' lang='lat' dir='ltr'><strong>Enimom.</strong></span> <span class='ocrx_word' id='word_1_261' title='bbox 693 3335 724 3390; x_wconf 96' lang='lat' dir='ltr'><strong>T.</strong></span> <span class='ocrx_word' id='word_1_262' title='bbox 761 3341 795 3390; x_wconf 82' lang='lat'><strong>20</strong></span> <span class='ocrx_word' id='word_1_263' title='bbox 813 3334 974 3390; x_wconf 88' lang='lat' dir='ltr'><strong>fideliterT.</strong></span> <span class='ocrx_word' id='word_1_264' title='bbox 993 3336 1122 3390; x_wconf 89' lang='lat' dir='ltr'><strong>fideleP</strong></span> 
     </span>
     <span class='ocr_line' id='line_1_36' title="bbox 110 3406 1123 3478; baseline -0.002 -16"><span class='ocrx_word' id='word_1_265' title='bbox 110 3413 145 3462; x_wconf 81' lang='lat'><strong>21</strong></span> <span class='ocrx_word' id='word_1_266' title='bbox 156 3409 294 3464; x_wconf 88' lang='lat' dir='ltr'><strong>exerertus</strong></span> <span class='ocrx_word' id='word_1_267' title='bbox 301 3426 409 3478; x_wconf 70' lang='lat' dir='ltr'><strong>scripse</strong></span> <span class='ocrx_word' id='word_1_268' title='bbox 420 3409 520 3464; x_wconf 90' lang='lat' dir='ltr'><strong>ciusP</strong></span> <span class='ocrx_word' id='word_1_269' title='bbox 527 3424 577 3464; x_wconf 87' lang='lat' dir='ltr'><strong>om.</strong></span> <span class='ocrx_word' id='word_1_270' title='bbox 586 3408 618 3461; x_wconf 92' lang='lat' dir='ltr'><em>T</em></span> <span class='ocrx_word' id='word_1_271' title='bbox 636 3406 790 3476; x_wconf 86' lang='lat' dir='ltr'><strong>perindaP.</strong></span> <span class='ocrx_word' id='word_1_272' title='bbox 805 3406 962 3475; x_wconf 87' lang='lat' dir='ltr'><strong>proindeT.</strong></span> <span class='ocrx_word' id='word_1_273' title='bbox 982 3413 1017 3460; x_wconf 81' lang='lat'><strong>24</strong></span> <span class='ocrx_word' id='word_1_274' title='bbox 1027 3409 1123 3461; x_wconf 87' lang='lat' dir='ltr'><strong>vectus</strong></span> 
     </span>
     <span class='ocr_line' id='line_1_37' title="bbox 109 3476 1113 3548; baseline -0.004 -14"><span class='ocrx_word' id='word_1_275' title='bbox 109 3495 160 3534; x_wconf 87' lang='lat' dir='ltr'><strong>om.</strong></span> <span class='ocrx_word' id='word_1_276' title='bbox 180 3481 214 3535; x_wconf 94' lang='lat' dir='ltr'><strong>P.</strong></span> <span class='ocrx_word' id='word_1_277' title='bbox 270 3487 305 3536; x_wconf 79' lang='lat'><strong>26</strong></span> <span class='ocrx_word' id='word_1_278' title='bbox 323 3480 522 3537; x_wconf 78' lang='lat' dir='ltr'><strong>utebanturT.</strong></span> <span class='ocrx_word' id='word_1_279' title='bbox 541 3479 673 3534; x_wconf 83' lang='lat' dir='ltr'><strong>utebatur</strong></span> <span class='ocrx_word' id='word_1_280' title='bbox 686 3477 719 3532; x_wconf 93' lang='lat' dir='ltr'><strong>P.</strong></span> <span class='ocrx_word' id='word_1_281' title='bbox 744 3478 871 3548; x_wconf 83' lang='lat' dir='ltr'><strong>satrapas</strong></span> <span class='ocrx_word' id='word_1_282' title='bbox 888 3476 917 3530; x_wconf 90' lang='lat' dir='ltr'><strong>T.</strong></span> <span class='ocrx_word' id='word_1_283' title='bbox 965 3484 998 3533; x_wconf 78' lang='lat'><strong>27</strong></span> <span class='ocrx_word' id='word_1_284' title='bbox 1017 3477 1113 3532; x_wconf 86' lang='lat' dir='ltr'><strong>imitat</strong></span> 
     </span>
     <span class='ocr_line' id='line_1_38' title="bbox 110 3548 743 3608; baseline 0.002 -5"><span class='ocrx_word' id='word_1_285' title='bbox 110 3548 202 3607; x_wconf 80' lang='lat' dir='ltr'><strong>fecere</strong></span> <span class='ocrx_word' id='word_1_286' title='bbox 217 3552 250 3607; x_wconf 93' lang='lat' dir='ltr'><strong>P.</strong></span> <span class='ocrx_word' id='word_1_287' title='bbox 278 3553 414 3608; x_wconf 86' lang='lat' dir='ltr'><strong>exercitus</strong></span> <span class='ocrx_word' id='word_1_288' title='bbox 429 3552 463 3606; x_wconf 92' lang='lat' dir='ltr'><strong>P.</strong></span> <span class='ocrx_word' id='word_1_289' title='bbox 537 3556 572 3605; x_wconf 76' lang='lat'><strong>28</strong></span> <span class='ocrx_word' id='word_1_290' title='bbox 590 3548 689 3606; x_wconf 86' lang='lat' dir='ltr'><strong>virtuti</strong></span> <span class='ocrx_word' id='word_1_291' title='bbox 708 3550 743 3606; x_wconf 90' lang='lat' dir='ltr'><strong>P.</strong></span> 
     </span>
    </p>
   </div>
   <div class='ocr_carea' id='block_1_4' title="bbox 0 0 1190 3938">
    <p class='ocr_par' dir='ltr' id='par_1_6' title="bbox 0 0 1190 3938">
     <span class='ocr_line' id='line_1_39' title="bbox 0 0 1190 3938; baseline 0 0"><span class='ocrx_word' id='word_1_292' title='bbox 0 0 1190 3938; x_wconf 95' lang='lat' dir='ltr'><strong> </strong></span> 
     </span>
    </p>
   </div>
  </div>
 </body>
</html>
