2362 3938
114 196 178 259 118
532 192 644 247 LIBER
661 192 708 247 ΙΙΙ

202 354 236 421 8.
274 355 347 421 Hac
371 357 472 441 igitur
499 355 712 442 adrogantiae
740 377 893 438 specum
917 352 985 418 dies
1007 354 1127 437 pariter
1143 363 1174 414 13

113 448 147 509 et
173 443 263 509 locus
294 445 418 527 proelio
446 445 650 509 constitisset
679 445 833 528 fieretque
860 463 973 527 pugna
1001 443 1128 527 regalis,

112 532 265 616 primitus
289 532 419 616 quidem
445 554 563 615 anceps
585 533 640 596 diu
666 533 797 597 fortuna
819 530 1019 596 bellantibus
1043 530 1128 595 vide·

112 622 226 703 batur,
259 643 325 687 non
355 621 462 685 minus
492 620 677 686 Alexandro
708 625 837 704 tempus
867 619 1055 684 incursandi
1086 619 1129 683 ri-

77 714 240 790 smnnte,
269 731 366 794 quam
396 709 482 774 Poro
512 710 620 773 locum
651 710 794 773 vulneris
824 709 1015 773 declinante.
1068 706 1128 772 Sed

112 820 184 864 cum
211 798 298 863 forte
326 797 411 882 apud
434 798 533 861 Indos
561 819 600 861 ex
629 797 770 881 quadam
798 797 969 881 repentina
997 817 1129 861 conver·

112 888 204 952 sione
225 885 304 952 Pori
331 886 488 969 strepitus
517 888 550 950 et
576 886 792 951 conclamatio
817 885 1011 968 exstitisset,
1040 907 1128 949 aver-

111 976 271 1059 tissetque
295 996 341 1058 os,
366 995 428 1057 quc
448 996 580 1039 eausam
598 974 702 1039 Porus
721 975 811 1039 illius
831 974 987 1056 strepitus
1011 993 1129 1057 cogno-

110 1065 227 1142 visset,
265 1062 391 1127 involat
422 1062 604 1127 Alexander
647 1066 745 1147 atque
783 1064 852 1127 eius
888 1060 1025 1145 inguina
1063 1063 1128 1125 telo

72 1172 99 1210 10
114 1152 239 1215 eminus
270 1150 436 1236 transfigit
471 1173 607 1235 eumque
636 1151 825 1234 prosternit.
875 1150 946 1214 Hac
981 1149 1129 1234 indigna-

110 1240 198 1304 tione
226 1238 300 1303 Indi
328 1240 462 1304 excitati
489 1241 523 1303 in
555 1261 647 1304 arma
681 1240 857 1323 prosiliunt
883 1240 1128 1321 instaurantque

110 1326 142 1393 id
165 1327 333 1411 proelium,
357 1328 443 1411 quod
467 1329 589 1412 absque
612 1328 707 1415 vulgi
724 1329 868 1412 periculo
886 1331 1019 1410 pactum
1041 1328 1128 1390 inter

110 1436 204 1501 reges
228 1419 307 1480 erat.
352 1416 530 1483 Enimvero
553 1415 738 1482 Alexander
766 1438 862 1501 saepe
889 1416 956 1480 iam
978 1414 1126 1480 Indicam
1144 1424 1177 1474 14

111 1504 176 1569 vim
200 1508 350 1589 expertus
369 1527 436 1572 non
459 1505 589 1570 facilem
613 1505 661 1570 rei
683 1506 819 1571 bellicae
841 1527 940 1569 manu
959 1504 1125 1568 silentium

71 1613 97 1653 15
112 1594 237 1677 quaerit
268 1597 301 1658 et
339 1594 380 1659 ab
417 1594 513 1660 hoste
551 1594 744 1679 patientiam
776 1595 861 1678 petit
896 1592 1126 1678 paulisperque

110 1683 309 1764 patientibus
336 1683 371 1748 in
398 1683 485 1748 hunc
513 1683 644 1749 modum
670 1683 826 1767 loquitur:
854 1681 947 1746 ‘Non
976 1680 1125 1764 equidem

111 1771 205 1836 video
224 1793 349 1850 causas,
368 1771 483 1856 olndi,
500 1775 569 1836 tam
587 1772 765 1837 inconsulti
778 1772 911 1835 huiusce
926 1769 1124 1834 discriminis

111 1859 226 1944 vestri,
254 1882 326 1924 cum
354 1861 439 1925 nihil
464 1860 567 1946 egerit
591 1860 679 1925 aliud
702 1864 817 1925 nostra
840 1859 926 1924 inter
948 1879 1008 1923 nos
1034 1879 1124 1942 prce·

110 1947 218 2032 Iletia,
245 1971 342 2032 quam
365 1949 414 2013 uti
436 1953 544 2014 vestro
568 1949 739 2013 commodo
764 1948 973 2014 consultaret.
1019 1946 1127 2030 Igitur

72 2055 99 2094 20
114 2057 187 2100 cum
216 2037 319 2101 omnis
348 2036 559 2101 militantium
587 2037 637 2102 vis
667 2037 696 2101 ei
725 2035 938 2102 ostentationi
966 2034 1126 2116 proficiat,

112 2125 139 2186 si
158 2127 240 2187 teste
260 2124 457 2206 imperatore
476 2147 544 2203 suo,
564 2124 650 2207 quod
670 2125 807 2208 singulis
828 2124 871 2187 sit
885 2122 994 2187 devoti
1015 2122 1127 2206 animi,

111 2212 372 2294 monstraverint,
396 2211 555 2295 quidhoc
577 2212 625 2275 rei
644 2215 703 2295 est,
727 2211 812 2295 quod
831 2210 996 2273 incassum
1016 2208 1125 2271 discri-

111 2297 199 2361 mina
213 2302 335 2448 ,vestra
361 2299 573 2384 profunditis,
602 2297 680 2364 Pori
708 2299 774 2363 iam
804 2295 992 2361 testimonio
1022 2292 1123 2357 faces·

112 2389 205 2449 sente
239 2384 248 2412 ’

70 2490 98 2531 2⁵
200 2472 235 2538 9.
279 2474 330 2537 Ad
362 2474 443 2539 haec
476 2475 563 2540 dicta
595 2496 668 2539 cum
700 2472 774 2537 Indi
807 2493 840 2536 se
871 2469 958 2535 nolle
989 2467 1159 2536 Graecisz

110 2561 182 2626 fieri
214 2561 360 2644 captivos
405 2562 634 2647 dominumque
665 2559 887 2625 Alexandrum
927 2559 997 2642 pati
1033 2559 1125 2642 vulgi

111 2670 274 2714 murmure
298 2653 507 2730 testarentur,
531 2649 669 2715 seeundo
694 2649 795 2714 etiam
819 2669 966 2713 sermone
986 2646 1126 2713 Alexan-

112 2739 168 2803 der
187 2741 307 2822 monet,
330 2739 492 2804 solverent
511 2739 596 2803 hunc
615 2737 721 2804 cordis
746 2738 796 2801 sui
819 2741 942 2803 metum
962 2740 1126 2820 exspecta-

112 2827 298 2910 tionemque
329 2847 481 2892 curarum
512 2826 669 2893 eiusmodi
700 2826 865 2891 abicerent
897 2830 994 2910 atque
1026 2825 1126 2889 seelu-

73 2915 239 2997 roderent,
274 2918 307 2979 et
334 2914 429 2979 fidem
456 2915 523 2980 rati
549 2915 605 2979 dat
631 2915 848 2983 iureiurando.
898 2913 1013 2999 Neque
1033 2913 1126 2976 enim

114 3003 178 3069 sibi
204 3002 373 3068 libidinem
401 3005 502 3068 talem
530 3007 587 3069 aut
615 3003 809 3068 desiderium
839 3025 992 3086 umquam
1022 2999 1127 3065 Indici

114 3092 243 3177 imperii
274 3090 453 3176 adstitisse,
491 3092 547 3157 sed
584 3092 670 3156 enim
708 3114 838 3158 omnem
869 3092 961 3156 illam
996 3109 1127 3153 causam

204 3265 233 3322 8.
266 3265 419 3335 tinguina
437 3265 472 3320 A.
500 3240 616 3334 ingbem
634 3265 667 3320 P.
742 3270 775 3319 10
795 3265 902 3319 eminus
921 3263 953 3316 P.
981 3260 1072 3313 minus
1092 3259 1128 3313 A.

116 3344 150 3392 14
168 3354 228 3391 rem
241 3336 352 3406 bellice,
371 3353 438 3392 corr.
458 3336 493 3391 ab
512 3337 562 3391 alt.
577 3353 664 3390 mana
677 3337 709 3391 ia
722 3336 854 3390 bellicam
869 3334 904 3387 A.
948 3336 980 3385 17
999 3328 1128 3383 huiusce-

112 3407 193 3462 modi
213 3409 248 3463 P.
320 3413 355 3462 20
374 3407 401 3462 ei
421 3406 455 3462 P.
484 3407 513 3460 et
531 3408 565 3461 A.

204 3478 234 3534 t).
267 3483 302 3533 26
322 3477 522 3546 dominumque
540 3475 575 3530 A.
605 3476 749 3531 dominum
767 3474 800 3530 P.
885 3477 918 3526 31
937 3486 1073 3540 umquam
1092 3470 1128 3562 A.

115 3563 199 3616 quam
220 3549 254 3604 P.
327 3555 361 3602 82
382 3548 540 3604 adstitisset
558 3547 593 3604 A.
