2362 3938
119 162 182 229 136
460 158 489 213 c.
508 153 793 213 vmanrmtccr

118 329 207 392 quem
229 318 354 389 propter
378 309 467 387 lurit3
490 305 606 366 absenti
630 304 803 364 saeuissima
826 305 927 382 poscit
1080 311 1117 362 att

118 418 198 460 nunc
221 397 335 478 Peliae,
358 405 439 458 tanta
463 397 605 456 iuuenem
628 394 680 472 qui
702 390 845 471 perderet
867 393 922 451 ira.

118 505 206 567 saepe
231 505 300 547 suas
324 487 434 546 misero
457 484 632 563 promittere
656 480 787 541 destinat
810 488 902 561 artes,

119 576 188 636 dein
212 583 302 654 negat
324 583 414 653 atque
438 590 497 633 una
519 573 620 650 potius
643 569 780 629 decernit
803 567 902 648 obire3

121 684 155 726 ac
178 681 276 742 neque
300 671 361 723 tam
384 662 465 741 turpi
488 677 642 720 cessuram
665 675 784 736 semper
807 658 903 717 amori

120 752 286 832 proclamat
308 768 407 829 neque
431 767 519 828 opem
541 750 643 826 ignoto
665 747 808 824 uiresque
831 744 983 826 daturam3
1083 754 1125 805 att
1173 788 1176 833 :

120 842 215 920 adque
239 849 306 900 toro
329 839 462 918 proiecta
485 843 604 917 manet,
627 853 696 896 cum
719 835 784 894 uisa
807 837 911 894 uocari

119 947 227 990 rursus
250 935 281 988 et
303 926 422 1006 inpulso
445 932 614 985 sonuerunt
636 922 756 984 cardine
779 932 891 1002 postes.

166 1016 246 1095 Ergo
270 1015 323 1076 uhi
345 1015 447 1075 nescio
472 1031 531 1093 quo
554 1014 675 1092 penitus
698 1029 730 1072 se
754 1013 876 1072 numine
900 1013 983 1072 uinci

120 1106 212 1165 sentit
235 1112 265 1164 et
288 1102 438 1163 abscisum
462 1100 606 1180 quidquid
629 1100 726 1180 pudor
749 1109 818 1161 ante
840 1099 991 1181 monebat,

120 1203 184 1253 tum
207 1190 327 1251 thalami
349 1188 503 1270 penetrale
526 1191 616 1270 petit,
639 1206 715 1267 quae
739 1190 866 1249 maxima
888 1196 977 1249 norat
1088 1197 1131 1248 att

119 1279 227 1340 auxilia
250 1276 429 1337 Haemoniae
453 1294 602 1355 quaerens
624 1294 680 1356 pro
704 1294 776 1355 rege
800 1278 927 1336 carinae.
1112 1265 1119 1276 ’

120 1376 212 1446 utque
235 1364 341 1445 procul
363 1365 486 1444 magicis
509 1366 653 1443 spirantia
676 1372 756 1425 tecta
780 1366 905 1425 uenenis

24 1515 28 1525 ,
119 1465 150 1517 et
172 1472 278 1517 saeuae
301 1461 425 1534 patuere
449 1453 531 1514 iores
554 1452 709 1532 oblataque
734 1460 838 1513 contra

119 1545 231 1627 omnia,
254 1561 328 1624 quae
352 1550 459 1624 ponto,
482 1560 557 1622 quae
580 1541 718 1602 manibus
741 1543 822 1602 eruit
843 1542 912 1601 imis

119 1643 150 1695 et
173 1651 249 1713 quae
269 1623 431 1711 sanguineo
454 1630 542 1692 lunae
565 1630 724 1691 destrinxit
747 1629 783 1690 ah
807 1648 869 1711 ore,
1086 1641 1134 1692 330

121 1717 205 1783 ‘tune
230 1715 378 1799 sequeris’
401 1721 443 1781 ait
466 1714 640 1799 ‘quidquam
663 1728 713 1780 aut
735 1719 848 1798 patiere
871 1717 1059 1801 pudendum,

120 1828 188 1870 cum
211 1808 266 1869 tibi
289 1818 333 1870 tot
355 1815 468 1869 mortes
492 1808 675 1888 scelerisque
698 1806 875 1868 breuissima
899 1809 975 1867 tanti

119 1892 260 1976 effugia?
282 1897 357 1959 haec
380 1897 497 1978 dicens,
520 1914 579 1975 qua
600 1912 662 1957 uon
685 1894 819 1956 uelocius
841 1893 935 1956 herba

118 1987 261 2066 pestifera
283 1993 338 2067 est,
362 1992 426 2046 toto
449 1987 630 2063 nequiquam
652 1983 764 2046 lumine
788 1983 897 2045 lustrat

119 2081 336 2154 cunctaturque
361 2091 452 2153 super
475 2074 679 2151 morituraque
703 2071 814 2151 colligit
837 2073 905 2132 iras.
1087 2085 1137 2136 33⁶

119 2182 136 2223 o
160 2165 286 2224 nimium
309 2162 441 2223 iucunda
463 2161 541 2244 dies,
564 2180 654 2240 quam
677 2179 745 2222 cara
769 2159 824 2221 suh
848 2162 912 2240 ipsa

118 2259 215 2312 morte
239 2248 347 2330 magis!
371 2252 454 2312 stetit
477 2257 508 2311 et
531 2268 596 2310 sese
620 2251 760 2310 miserata
782 2250 933 2310 furentem
955 2259 1012 2310 est.

120 2334 259 2421 ‘occidis‚
282 2338 356 2420 heu,
379 2341 476 2418 primo
501 2332 602 2420 (potes
624 2337 682 2398 hoc
705 2331 851 2419 durare?)
874 2335 930 2398 suh
955 2355 1041 2421 aeuo,

121 2445 177 2487 nec
202 2436 235 2487 tu
258 2422 347 2487 lucis'
371 2428 424 2507 ait,
449 2422 516 2487 ‘nec
539 2427 652 2487 uideris
675 2425 734 2486 ulla
757 2428 897 2487 iuuentae

120 2514 240 2595 gaudia,
264 2532 324 2574 non
347 2512 451 2574 dulces
474 2513 576 2575 fratris
598 2512 764 2593 pubescere
788 2510 901 2575 malas?
1090 2528 1143 2580 ³40

119 2601 201 2663 hunc
226 2618 359 2682 quoque,
382 2601 432 2661 cui
455 2618 535 2661 nunc
559 2620 591 2661 es
615 2600 758 2682 crudelis,
781 2601 885 2663 lasona
907 2605 1007 2663 nescis

125 2696 223 2751 morte
246 2690 345 2768 perire
368 2684 441 2750 tua?
464 2689 568 2767 quite
591 2707 672 2751 nunc
694 2691 815 2752 inuocat
837 2709 936 2773 unanq

120 2781 172 2858 qui
196 2785 290 2857 rogat
303 2776 364 2838 heu
385 2785 490 2839 nostro
514 2796 602 2856 quam
625 2779 751 2858 primam
774 2780 806 2839 in
829 2779 916 2841 litore
940 2781 1025 2843 uidit.

119 2886 175 2930 cur
198 2865 252 2928 tihi
276 2865 394 2927 fallaces
417 2866 529 2945 placuit
551 2869 733 2947 coniungere
758 2868 878 2930 dextras

116 2965 200 3039 tunc,
223 2963 318 3038 pater,
340 2963 429 3036 atque
452 2957 519 3016 istis
532 2957 674 3017 iuuenem
686 2975 748 3019 non
770 2958 897 3036 perdere
920 2961 1066 3021 monstris
1088 2969 1141 3021 ato

117 3041 280 3125 protinus?
303 3046 367 3125 ipsa
390 3046 493 3127 etiam,
516 3045 625 3127 fateor,
649 3053 721 3106 tunc
744 3047 809 3125 ipsa
831 3046 977 3108 uolebam.

116 3141 211 3195 testor
233 3151 302 3195 cara
326 3142 406 3215 tuas,
429 3132 514 3195 Circe
538 3133 668 3215 Titania,
691 3152 791 3215 uoces,

115 3229 145 3280 te
169 3222 298 3283 ducente
324 3239 448 3303 sequor,
471 3228 522 3282 tua
544 3240 592 3282 me
616 3222 784 3302 grandaeua
807 3225 930 3304 fatigant

117 3309 241 3369 consilia
264 3316 295 3370 et
316 3311 438 3370 monitis
460 3309 534 3370 cedo
557 3306 676 3372 minor?
721 3311 794 3373 haec
813 3311 870 3372 uhi
893 3313 962 3392 lata,

114 3413 221 3455 rursus
244 3396 281 3456 ad
304 3395 459 3457 Haemonii
481 3399 601 3457 iuuenis
624 3416 786 3478 curamque
808 3407 983 3474 metumque
1084 3413 1139 3465 3⁶0

113 3484 256 3564 uertitur3
278 3483 358 3544 hunc
382 3484 479 3545 solum
501 3494 625 3563 propter
649 3504 703 3545 seu
727 3487 830 3546 uiuere
854 3482 987 3560 gaudens
