2362 3938
83 200 145 265 636
246 216 349 252 nourrrr
367 214 474 252 varrsur
492 201 525 265 (1)
543 214 641 250 amau.
661 216 696 250 ns
714 215 776 251 rvua
793 214 868 250 rrscr.

82 339 216 393 cessisset.
236 336 309 391 Deni
329 350 365 389 00
377 336 401 388 01
413 335 553 388 scribendi
565 336 735 404 elegantiam
748 337 776 390 et
788 336 877 389 totam
893 335 1033 388 tractandi

81 406 220 459 rationem
237 352 393 478 considero³
416 403 463 479 uix
481 402 529 478 alii
546 403 615 479 haec
633 402 699 456 ICto
737 419 802 455 uam
820 403 953 471 Ulpiano,
971 401 1033 454 *cui

82 473 168 526 etiarn
185 470 349 525 insolentior
366 469 451 521 dictio
471 470 686 522 ‘ruconsrderata
704 421 863 537 dilgentia’
883 472 917 534 (ξ.
930 475 956 533 2)
970 484 1032 521 000-

81 541 161 594 venit
179 539 242 593 coll.
260 537 290 592 L.
304 545 328 592 3.
346 541 370 599 ξ.
384 541 423 591 17.
446 534 478 587 D.
498 535 534 587 do
552 553 627 603 susp.
647 537 699 611 tut.
730 542 775 600 26,
790 539 839 654 102J
851 537 967 603 vixque*
986 535 1034 587 alii

82 608 142 660 eius
160 606 238 674 operi
255 620 341 673 quarn
358 602 594 677 Regularum-vel
612 601 782 669 Oprnronum
799 602 821 654 li
842 605 878 655 ris
897 603 1033 671 assignari

81 690 164 742 posse
181 672 251 726 mihi
268 671 413 735 videntur,
437 685 471 722 ex
493 668 594 734 quibus
611 683 684 734 quae
702 670 731 720 in
750 668 873 736 Digestis
892 672 1033 737 superant,

82 740 249 804 ostendunt,
268 739 353 792 etiam
371 736 414 789 his
430 736 542 789 tantum
560 735 631 787 certi
652 733 719 786 iuris
741 736 908 800 sententias,
933 737 1035 803 spretis

82 807 199 861 aliorum
218 803 438 867 auctoritatibus,
458 801 669 867 comprehensas
687 800 779 853 fuisse.
815 803 840 853 A
853 802 925 855 libro
939 804 1033 871 singu-

81 875 134 928 lari
151 889 217 927 vero
236 871 407 941 Regularum
424 868 467 921 illi
479 868 564 920 etiam
575 867 628 920 hoc
641 867 782 920 distulisse
795 867 935 932 videntur,
956 872 1034 935 quod

80 941 124 994 100
142 955 252 1058 quoqu?
271 935 531 999 000000110001000,
551 949 607 999 quo
625 934 749 1001 pertinet
766 933 874 998 fiscale,
892 934 927 986 iis
946 950 1033 1002 expo-

81 1009 167 1061 situm
185 1021 253 1058 era.

149 1072 297 1138 Reliquum
321 1072 375 1130 001,
399 1070 430 1122 01
452 1069 557 1132 dicam,
585 1068 670 1121 etiam
692 1068 761 1122 haec
787 1069 946 1137 fragmenta
967 1071 1033 1136 post

81 1139 234 1194 Goescheni
263 1138 291 1190 01
312 1135 483 1189 Lachmanni
510 1151 589 1189 curas
615 1151 632 1188 0
657 1135 829 1204 Boeckingio
857 1136 1032 1189 ornatissime

80 1206 156 1260 edita
173 1219 246 1267 esse3
266 1204 438 1270 quapropter
456 1202 492 1254 ad
510 1202 569 1255 eius
586 1203 697 1257 tantum
716 1203 868 1257 editionem
879 1203 936 1255 iam
949 1219 1034 1270 supra

80 1271 326 1326 commemoratam
345 1268 554 1322 emendationes
571 1270 680 1322 nostras
697 1269 801 1323 referre
814 1271 1033 1323 consentaneum

80 1338 216 1392 duximus.
251 1335 307 1389 Sed
330 1351 379 1388 000
403 1351 467 1388 cunr
490 1337 696 1404 complusculae
720 1339 825 1396 essent,
849 1351 905 1404 qno
923 1336 1033 1389 facilius

80 1406 115 1459 de
132 1405 166 1458 iis
183 1403 301 1457 iudicari
318 1403 426 1478 posset,
444 1401 473 1454 in
492 1402 544 1456 hoc
562 1419 617 1456 uno
639 1403 759 1456 frustulo
783 1404 956 1479 superiorum
975 1404 1032 1456 edi-

79 1468 319 1591 trirurntexemplo
338 1470 423 1522 etiam
441 1485 573 1523 versuum
591 1469 693 1522 codicis
705 1470 898 1523 distinctiones
910 1470 1032 1525 retinere

77 1554 191 1608 pacm.

145 1745 220 1797 Haec
239 1758 349 1810 qnoque
368 1743 489 1797 frustula
505 1743 608 1797 iterum
627 1744 735 1797 edenda
757 1745 790 1796 01
811 1742 947 1811 peculiari
964 1759 1033 1797 cura

79 1813 273 1871 retractarem,
291 1809 405 1877 impulit
427 1826 472 1863 me
494 1811 615 1864 maxime
639 1811 832 1879 apographum
850 1811 1031 1865 membranae

80 1878 246 1934 Veronensis
263 1875 490 1944 Hollwegianum
508 1878 545 1931 ad
563 1878 667 1931 calcem
685 1878 841 1946 apographi
860 1877 1032 1932 schedarum

80 1946 255 2008 Gaianarum,
275 1943 310 1995 de
323 1944 424 2010 quibus
437 1961 522 2012 supra
538 1963 565 2012 p.
580 1951 634 1998 167.
653 1945 808 2007 retulimus,
826 1961 843 1997 a
860 1945 1032 2013 Boeclringio

79 2013 226 2068 adiectum.
255 2009 354 2077 Neque
367 2010 438 2063 hanc
450 2011 582 2064 iteratam
595 2026 708 2078 operam
721 2012 924 2064 infructuosam
935 2011 1030 2078 fuisse,

78 2081 266 2132 iudicaturum
288 2093 300 2129 s
322 2092 381 2141 ero,
405 2077 454 2144 qui
476 2095 503 2131 v.
525 2093 566 2144 gr.
591 2082 629 2141 ἐξ.
650 2084 672 2133 7.
694 2083 733 2130 11.
757 2082 797 2130 18.
823 2082 862 2129 19.
885 2078 1031 2145 utriusque

78 2145 207 2200 editionis
224 2159 275 2196 000
319 2144 380 2196 erit.

144 2351 309 2405 Membrana
319 2349 476 2403 Veronensi
487 2366 544 2402 non
559 2348 649 2402 solum
662 2348 753 2402 denuo
772 2351 856 2415 atque
874 2350 1030 2402 accuratius

78 2436 161 2489 quam
179 2420 264 2472 antea
280 2417 398 2479 iactum,
421 2416 548 2484 inspecta
566 2419 594 2468 et
612 2416 766 2484 descripta,
790 2415 840 2469 sed
858 2417 943 2468 etiarn
959 2416 1029 2470 ima-

100 2487 143 2539 'ne
162 2485 221 2538 eius
238 2483 315 2536 fideli
332 2483 489 2535 imitatione
507 2484 573 2536 ante
591 2483 685 2536 000100
708 2483 799 2549 posita
817 2483 1029 2552 ‘Fragmentum

78 2505 113 2606 dle
139 2553 199 2605 iure
222 2550 281 2602 fisci
307 2549 396 2602 edidit
419 2548 522 2602 Paulus
544 2549 671 2618 Krueger
692 2549 802 2617 Lipsiae
826 2555 912 2605 1868’.
953 2550 1029 2615 Quae

79 2620 163 2674 editio
181 2617 300 2670 maxime
318 2615 347 2667 in
366 2630 450 2668 causa
466 2615 534 2679 1011,
557 2620 590 2669 01
612 2617 687 2669 etin
704 2616 757 2670 hac
774 2616 860 2670 tertia
876 2634 941 2671 mea
958 2618 1029 2671 elus-

79 2687 142 2739 dem
159 2683 309 2754 fragmenti
325 2681 516 2749 recognitione
535 2683 610 2735 haud
627 2699 719 2751 pauca
734 2685 794 2737 tarn
805 2685 834 2736 in
843 2685 1030 2802 praemonitis

78 2768 161 2821 quarn
178 2753 207 2804 in
224 2752 285 2818 ipso
303 2749 435 2802 contextu
453 2750 528 2801 etin
547 2749 727 2802 adnotatione
749 2750 841 2802 adden
863 2767 880 2802 a
903 2751 1027 2803 001010-

77 2819 163 2873 tanda
181 2818 286 2881 000001,
309 2830 393 2882 qnae,
411 2814 461 2866 ubi
483 2831 498 2867 o
520 2832 565 2878 00,
589 2817 728 2868 asteriscis
749 2816 816 2880 1001,
838 2818 871 2867 01
888 2831 905 2867 0
921 2815 1027 2868 lectore

78 2886 159 2940 100110
178 2881 461 2952 deprehenderentur.
518 2882 630 2950 ruegcri
643 2882 795 2936 editionem
808 2881 963 2950 significavi
976 2885 1027 2938 Kr.

79 2951 269 3023 apographum
289 2947 351 3002 Olsr.
