2362 3938
104 184 168 248 124
518 180 627 235 LIBER
644 180 691 236 Ill.

67 334 70 340 ¹
102 366 159 429 per
177 344 315 410 litteras.
348 344 455 429 Igitur
473 344 602 410 Indicas
619 342 771 427 regiones
791 341 993 408 incessimus.
1029 339 1115 406 Nam

102 435 210 497 cetera
239 432 303 497 tibi
331 433 372 497 ad
399 432 604 518 Bragmanas
632 452 741 516 usque·
760 430 1003 515 praemiseram.
1054 429 1114 497 His

102 521 240 605 denique
262 522 453 604 penetratis,
481 521 652 586 Prasiacae
676 518 934 603 supervenimus,
962 540 1047 602 qnae
1074 520 1115 583 ei·

101 610 187 675 vitas
211 610 302 696 regia
321 609 478 694 quaedam
497 609 609 673 Indiae
628 608 715 673 cluit.
752 606 841 673 Situs
859 628 936 671 vero
961 607 1030 671 eius
1054 607 1117 672 loci

69 699 224 763 earduus
257 703 291 763 et
322 698 363 763 ad
394 696 611 781 promuntorii
642 695 759 761 faciem
791 696 888 780 longe
919 696 1116 778 porrectior3

103 809 181 852 nam
214 791 247 852 et
278 787 362 852 mari
392 787 541 851 imminet
572 784 762 850 subiacenti.
815 783 993 849 Enimvero
1031 784 1117 868 quod

103 876 202 941 istum
233 875 345 940 colunt
373 874 541 940 hominum
571 873 697 938 nescias
725 872 925 937 invisitatius
956 894 999 936 an
1028 873 1117 937 inan·

104 964 204 1029 ditius
228 984 344 1049 genus3
372 962 469 1046 hique
498 967 575 1027 sunt
597 962 758 1044 promisce
783 983 890 1026 mares
914 965 1012 1044 atque
1036 961 1118 1025 alius

105 1074 214 1138 sexus,
237 1072 349 1117 omnes
368 1055 478 1116 tamen
497 1051 537 1115 ad
556 1050 717 1116 nostratia
736 1070 883 1134 corpora,
905 1050 1022 1133 quibus
1042 1052 1119 1114 sunt

65 1160 91 1200 ιο
105 1140 254 1223 feminae,
277 1139 452 1205 molliores.
496 1138 583 1204 Nam
612 1142 645 1203 et
667 1144 760 1204 vetus
789 1159 894 1202 sermo
923 1158 978 1202 eos
1001 1138 1117 1203 molles

105 1226 247 1292 Sabaeos
279 1227 432 1311 appellat.
480 1226 543 1292 Sed
571 1226 655 1291 nihil
686 1226 775 1292 aliud
804 1225 906 1291 ferme
937 1227 978 1292 ad
1009 1227 1119 1292 cibum

103 1319 224 1381 norunt
245 1319 376 1399 praeter
399 1315 537 1400 piscium
557 1336 685 1400 genera,
709 1337 846 1399 quorum
869 1314 935 1379 illis
959 1316 1063 1381 multa
1087 1319 1120 1380 et

104 1404 209 1469 facilis
240 1404 439 1469 abundantia
469 1407 527 1470 est
578 1403 657 1469 Fuit
688 1404 789 1489 igitur
820 1403 902 1468 mihi
934 1403 976 1468 ad
1008 1425 1119 1471 eorum

104 1493 232 1559 fabulas
256 1492 425 1578 diligentia
448 1497 481 1558 et
505 1493 666 1578 interpres
689 1493 840 1559 inventus
864 1497 923 1574 est,
945 1492 1001 1576 qui
1024 1494 1118 1559 nobis

66 1602 92 1644 rs
107 1582 198 1648 daret
221 1604 294 1647 eum
316 1582 406 1648 hisce
429 1582 577 1648 barbaris
599 1581 750 1648 fabulari.

199 1669 256 1737 15.
294 1668 440 1756 Oumque
463 1671 583 1736 multus
608 1674 641 1737 et
662 1672 772 1737 varius
796 1691 901 1736 sermo
924 1670 1121 1756 procederet,
1137 1680 1180 1733 24.

105 1760 214 1824 locum
237 1761 362 1825 interea
380 1760 540 1845 quendam
562 1761 689 1825 insulae
707 1763 929 1826 monstravere
941 1795 980 1807 —
993 1781 1070 1825 nam
1093 1761 1120 1824 is

106 1848 208 1912 etiam
229 1849 356 1913 eminus
378 1849 546 1914 visebatur
561 1884 612 1932 -,
635 1849 720 1933 quod
744 1871 815 1914 esse
834 1848 984 1913 dicebant
1001 1849 1121 1914 veteris

107 1935 274 2002 cuiusdam
302 1937 390 2021 regis
417 1938 561 2003 indidem
589 1941 848 2021 monumentum3
878 1937 912 2001 id
942 1958 1020 2002 auro
1050 1958 1121 2002 esse

66 2044 93 2083 ao
108 2028 142 2090 et
163 2026 278 2110 pretiis
302 2024 553 2091 refertissimum
572 2025 720 2092 conditis.
758 2024 839 2091 Cum
858 2026 920 2091 hoc
937 2027 1122 2091 naturalem

106 2113 275 2177 hominum
298 2114 350 2178 vel
379 2113 583 2199 diligentiam
610 2113 646 2176 in
673 2115 796 2178 nostris
819 2114 871 2178 vel
900 2113 1122 2194 adpetentiam

105 2200 325 2282 promovisset
352 2201 565 2284 certatimque
592 2200 836 2282 festinaremus,
863 2220 940 2282 pars
969 2199 1120 2266 visendae

106 2286 213 2350 eiusce
232 2286 358 2351 insulae
376 2288 428 2352 vel
447 2288 618 2372 sepulchri,
636 2309 713 2371 pars
732 2308 808 2352 vere
826 2287 877 2349 vel
895 2284 1028 2367 plurimi
1047 2289 1119 2350 auri

106 2373 206 2437 etiam
226 2373 391 2457 aviditate,
414 2378 448 2439 et
472 2396 529 2458 spe
551 2374 702 2460 potiundi
724 2374 790 2438 iam
814 2371 931 2436 animis
950 2370 1119 2454 gestienti·

65 2481 92 2523 aa
106 2461 177 2543 bus,
198 2464 331 2545 repente
354 2461 495 2546 barbari,
520 2463 576 2547 qui
597 2463 661 2527 loci
684 2461 752 2526 eius
771 2458 893 2524 indices
911 2457 1051 2543 fuerant,
1073 2461 1120 2525 di-

106 2548 262 2614 labuntur
294 2570 376 2632 eque
408 2550 618 2634 inconspectu
650 2552 762 2614 nostro
790 2547 952 2612 incertum
978 2570 1120 2632 quanam

106 2637 276 2701 maiestate
301 2642 505 2723 evanescunt,
527 2638 648 2704 relictis
673 2659 750 2702 sane
768 2636 926 2702 naviculis
946 2637 1120 2704 admodum

106 2725 216 2809 parvis
240 2725 364 2790 duabus
388 2747 426 2792 ac
449 2726 573 2810 decem,
601 2726 717 2810 quibus
740 2727 864 2792 vecteri
888 2727 977 2792 soliti
1000 2727 1118 2791 intelli·

107 2813 275 2899 gebantur.
319 2812 426 2899 Igitur
453 2836 519 2880 una
546 2835 672 2880 mecum
700 2837 773 2880 cum
802 2816 897 2882 amici
926 2816 966 2881 ad
995 2819 1119 2900 specta·
1137 2824 1175 2876 25

197 2967 362 3025 lincessim
376 2970 413 3025 B.
454 2976 578 3038 susque
593 2970 810 3027 odbraemanas
823 2972 898 3027 PB.
936 2971 1120 3027 3Prasiacae

107 3039 180 3097 Mai.
213 3040 340 3110 parsiace
358 3040 435 3097 AB.
444 3041 479 3095 P.
569 3046 587 3094 4
610 3041 666 3096 loci
684 3040 768 3097 huius
788 3045 823 3099 P.
849 3042 926 3098 Situs
950 3043 1064 3098 situloci
1084 3043 1120 3096 B.

108 3115 124 3163 5
152 3111 362 3182 promunctoriis
388 3112 425 3167 Β.
470 3111 530 3167 Hie
556 3112 657 3179 finitur
684 3113 801 3168 alicam
827 3114 927 3181 solium
953 3114 1118 3168 Baes’leense.

109 3187 124 3236 '1
142 3181 304 3238 inusitatius
316 3185 351 3240 P.
383 3188 400 3238 8
418 3183 490 3239 alins
504 3198 610 3237 sexuse
627 3199 652 3238 e.
671 3182 750 3238 aliud
764 3200 843 3238 secus
853 3183 888 3241 A.
896 3184 931 3237 P.
967 3187 1000 3234 10
1018 3182 1120 3236 molles

108 3252 281 3309 abeosabcos
295 3255 331 3310 A.
405 3258 439 3308 14
456 3254 587 3309 inventus
632 3295 640 3308 .
666 3256 767 3308 ventus
786 3255 822 3308 A.
896 3259 929 3308 15
948 3250 992 3306 his
1013 3252 1047 3306 P.

198 3323 246 3378 15.
280 3330 314 3380 17
332 3325 356 3379 is
376 3325 450 3380 Mat.
478 3324 523 3378 his
541 3324 617 3380 ΑΡ.
664 3329 699 3379 20
718 3323 838 3379 conditis
856 3323 927 3377 Mai.
957 3320 1065 3376 conditi
1083 3321 1120 3374 A.

107 3407 158 3449 em.
177 3394 211 3448 P.
239 3394 293 3449 hoc
311 3410 361 3450 era
380 3395 415 3450 A.
466 3400 501 3451 21
519 3394 705 3466 permovisset
723 3395 758 3449 P.
808 3400 842 3448 23
862 3393 921 3447 eins
942 3391 976 3447 P.
1024 3397 1058 3445 26
1077 3391 1118 3444 in-

107 3465 215 3517 certum
233 3463 291 3520 Mr.
319 3464 453 3521 infertum
472 3467 506 3523 P.
533 3466 642 3522 incerta
659 3467 695 3523 A.
776 3469 811 3519 28
830 3462 1064 3531 intelligebantur
1082 3460 1118 3516 A.

106 3536 141 3586 29
161 3548 224 3586 cum
243 3550 293 3589 om.
313 3536 348 3590 P.
