2362 3938
406 211 522 266 ORTUS
541 210 764 272 ALEXANDRI.
1049 215 1092 279 65

78 377 254 442 revertitur
287 375 326 439 ad
358 396 467 460 regem
501 374 714 439 coronandus.
770 372 832 438 Sed
865 376 906 439 ab
945 399 981 442 eo
1020 398 1092 442 cum
1112 398 1149 449 69

77 468 247 548 quaereret
277 485 393 547 praeco
423 485 512 527 more
543 463 710 546 sollemni,
741 463 812 546 quis
844 467 930 528 esset
961 466 1093 530 nomine

78 575 214 637 quemve
240 574 273 617 se
298 553 400 617 civem
423 551 642 636 profiteretur,
666 554 702 614 ut
724 551 805 615 illud
829 573 867 615 ex
890 575 980 618 more
1003 577 1092 637 prae-

78 643 254 724 dicaretur,
278 639 516 705 Clitomachum
541 640 669 724 quidem
694 661 727 704 se
751 640 911 724 appellari
934 642 994 725 ait,
1019 643 1092 707 civi·

77 734 180 794 tatem
204 750 281 795 vero
305 730 425 793 habere
449 728 580 794 desisse.
627 725 689 791 Sed
716 728 749 791 id
773 750 844 792 cum
868 730 996 793 coronis
1019 729 1116 800 red-5

79 819 154 883 ditis
188 820 254 882 iam
290 819 401 881 deesse
434 816 555 881 diceret
589 814 774 880 Alexander
806 817 928 901 gloriae
961 819 1093 883 victoris

78 908 177 990 illius,
201 906 292 970 addit
312 904 535 970 Clitomachus
560 905 637 969 olim
662 926 695 968 se
719 906 872 970 habuisse
896 906 995 971 etiam
1020 907 1094 971 civi-

77 999 189 1078 tatem,
209 995 264 1059 sed
279 995 470 1078 priusquam
484 992 669 1057 Alexander
687 1013 824 1076 regnum
844 995 979 1079 adeptus
994 995 1091 1079 foret,

78 1106 115 1148 eo
145 1105 223 1147 vero
252 1084 434 1167 imperante
464 1082 528 1146 sibi
550 1081 691 1164 patriam
719 1082 889 1166 deperisse.
935 1083 1020 1149 Hinc
1047 1085 1093 1148 in·

78 1172 226 1255 tellecto,
254 1193 317 1255 quo
343 1175 492 1256 pergeret
515 1170 654 1235 intentio
679 1170 895 1256 deprecaturi,
922 1174 970 1237 uti
999 1196 1092 1238 suum
1108 1204 1133 1242 10

80 1264 180 1343 esset,
210 1260 296 1343 quod
323 1260 378 1323 ille
407 1260 492 1323 foret
514 1281 573 1342 pro
602 1259 709 1342 patria
731 1261 904 1345 petiturus,
933 1262 1014 1325 edici
1036 1284 1094 1345 per

79 1370 272 1432 praeconem
303 1349 408 1412 iubet:
443 1346 537 1411 condi
570 1345 698 1411 Thebas
734 1370 803 1412 esse
833 1349 1027 1432 permissum
1060 1352 1094 1414 in

78 1438 237 1501 honorem
258 1436 382 1500 scilicet
404 1437 504 1499 trium
524 1435 666 1519 deorum,
688 1434 851 1520 Mercurii,
874 1437 929 1520 qui
948 1441 1094 1520 repertor

78 1524 225 1589 luctandi
254 1525 353 1603 cluat,
383 1524 610 1609 Herculisque,
639 1525 694 1608 qui
719 1525 898 1608 pugillatus
925 1525 1094 1609 invenerit,

78 1611 222 1677 Pollucis
248 1614 362 1696 etiam,
387 1615 442 1697 qui
469 1614 611 1677 cestibus
637 1614 680 1676 sit
705 1614 871 1696 magister.
913 1611 1026 1695 quue
1051 1613 1094 1677 ei·
1108 1645 1133 1684 15

78 1702 200 1765 fectum
232 1705 293 1785 est,
323 1701 373 1765 uti
403 1703 569 1766 oraculum
600 1700 764 1783 Apollinis
796 1703 990 1783 congrueret
1020 1723 1092 1766 cum

78 1791 257 1854 Alexandri
279 1791 551 1874 pronuntiatione.
1044 1786 1050 1801 '

171 1988 184 2032 1
206 1982 324 2036 revertit
344 1983 377 2036 P.
451 1988 467 2035 2
488 1983 517 2035 ot
535 1995 636 2049 praeco
655 1979 692 2032 A.
766 1985 781 2032 6
801 1978 953 2033 Alexandri
972 1995 1040 2034 corr.
1060 1997 1094 2034 ec

80 2052 241 2106 Alexander
259 2052 294 2107 A.
332 2052 423 2107 victor
441 2053 477 2105 A.
535 2058 567 2105 10
587 2048 763 2119 deprecaturi
777 2051 852 2106 A.P.
878 2052 910 2104 in
929 2049 957 2104 A
975 2066 1043 2105 corr.
1063 2052 1095 2106 iu

81 2121 267 2192 deprecantis.
343 2128 374 2178 11
395 2122 439 2177 illi
457 2124 491 2178 P.
528 2138 578 2192 per
596 2136 761 2191 praeconem
777 2126 805 2177 Τ.
831 2138 996 2189 praeconem
1016 2123 1051 2177 A.
1060 2123 1093 2176 P.

81 2200 113 2247 13
133 2195 268 2249 honorem
284 2195 340 2249 Mr.
368 2195 475 2247 honore
490 2194 524 2250 A.
532 2194 564 2248 P.
617 2198 650 2246 14
668 2191 823 2262 pugillator
840 2193 873 2249 P.
933 2192 1095 2262 Subscripta

80 2270 145 2319 aaut
163 2267 197 2318 iu
214 2265 242 2317 A
258 2269 283 2319 ct
299 2266 326 2318 P
343 2265 420 2320 hacc:
442 2264 518 2319 ‘Iulii
532 2263 639 2318 Valerii
653 2262 806 2327 Alexandri
818 2263 979 2319 Macedonis
994 2265 1094 2320 Trans-

79 2335 156 2390 latae
182 2335 331 2403 (translata
355 2336 392 2403 P)
416 2353 449 2390 ex
473 2337 584 2404 Aesopo
609 2333 716 2389 Graeco
738 2334 822 2388 Liber
846 2334 956 2389 Primus
980 2336 1095 2405 explicit
1136 2336 1138 2342 ’

81 2409 141 2474 (om.
162 2407 201 2475 A)
223 2405 277 2470 Qui
294 2407 347 2460 Est
365 2405 458 2461 Ortus.
497 2405 627 2459 Eiusdem
645 2404 748 2474 Incipit
766 2406 850 2460 Liber
875 2407 1010 2461 secundus
1032 2407 1106 2470 felis

80 2494 164 2548 eiser’
191 2496 222 2549 a
242 2502 272 2548 r:
298 2493 373 2548 ivm
393 2493 527 2548 vinam
546 2493 760 2548 scamnum
778 2482 844 2550 uo‘i
858 2493 1094 2578 conamina-

80 2581 224 2664 minum
249 2582 463 2638 nicanorus
488 2580 604 2636 oarvs
630 2581 741 2636 cinna
762 2582 899 2638 Paiuvs
923 2581 1017 2637 uxrn
1043 2582 1096 2636 m-

82 2670 160 2723 oun
180 2670 300 2726 acnvs
319 2669 482 2725 crusnam
500 2669 611 2723 ninas
628 2668 825 2726 sucvunvs.
