2362 3938
109 158 160 212 XX
507 154 723 211 PRAEFATIO.

108 320 164 385 fol.
187 317 285 384 XLId.
322 320 373 383 vel
397 318 498 383 choru
868 319 910 382 tri
935 319 1039 382 solum
1065 340 1125 381 son

323 408 412 472 tibus
436 407 501 472 iam
526 408 628 473 libera
823 412 875 470 tur
898 406 1049 470 blandius
1075 407 1127 489 spi

323 497 473 561 rantibus
496 518 537 560 ne
762 518 815 559 um
841 517 897 560 seu
922 496 971 559 vis
995 494 1062 558 ulla
1086 495 1126 557 de

324 606 456 650 monum
481 585 566 648 exim
821 605 895 648 roso
919 583 1050 647 numine
1076 586 1126 646 est

324 694 462 758 namque
874 672 1021 736 tentibus
1044 672 1127 735 tellu

325 764 370 826 ris
394 762 490 825 huius
846 781 916 824 cere
939 761 1127 843 famemque

324 871 419 913 nosse
924 854 978 912 etu
1001 853 1126 912 tractus

324 939 419 1001 lunar
870 937 957 1000 enim
980 937 1128 1000 facessen

924 1028 934 1062 'r’

324 1078 405 1140 tista
473 1076 541 1141 chis
566 1077 711 1140 omnium
849 1098 1006 1161 porroges
1031 1078 1128 1140 multi

325 1185 479 1248 genarum
495 1165 642 1249 gentium
656 1165 743 1229 hono
805 1165 914 1228 divum
930 1188 1057 1230 summo
1074 1167 1126 1231 cul

324 1259 361 1318 tu
385 1253 569 1317 exambient
593 1253 690 1318 astris
714 1275 748 1317 re
914 1259 984 1317 tum
1008 1255 1128 1318 caelitu

325 1363 407 1426 quae
431 1360 624 1426 congregem
649 1363 786 1425 quorum
896 1347 1013 1426 quente
1038 1344 1128 1406 cultu

326 1430 371 1494 sis
395 1429 524 1494 beatior
546 1434 620 1494 tuos
634 1429 706 1513 'que
729 1432 768 1513 pr
911 1438 959 1493 tes
983 1428 1128 1492 Numine

326 1518 559 1603 augustissimo
583 1518 664 1583 haec
777 1540 820 1602 qu
913 1519 1003 1582 sedes
1028 1540 1127 1600 corpo

326 1607 371 1671 ris
395 1610 445 1672 est
468 1607 593 1671 caelum
616 1609 673 1671 tuo
697 1629 741 1671 nn
928 1607 1000 1691 quis
1025 1607 1128 1670 simen

327 1702 360 1760 te
383 1696 494 1761 bibula
517 1696 646 1781 percipe
669 1718 746 1760 nom
904 1700 1053 1760 nostrum
1076 1695 1128 1758 his

329 1808 365 1850 ce
388 1786 531 1850 numeris
555 1785 673 1869 collige
831 1808 850 1849 a
874 1786 1012 1869 primum
1038 1785 1087 1848 bis
1112 1806 1128 1847 c

329 1878 440 1939 tenate
464 1874 575 1939 littera
598 1896 698 1938 unum
876 1897 954 1939 num

329 1962 374 2027 Et
397 1966 526 2028 centum
550 1963 665 2026 dehinc
688 1984 853 2048 unumque
976 1975 979 1978 ’
1053 1965 1130 2024 tunc

331 2054 445 2133 quater
500 2051 617 2134 viginti
673 2050 739 2114 sint
793 2052 965 2135 decemque
1015 2050 1130 2113 iuxtim

330 2134 474 2223 (fflffl)
499 2159 636 2221 eaquae
656 2139 699 2201 sit
717 2138 896 2201 novissima
916 2159 998 2219 quae
1017 2138 1132 2218 prima.

207 2345 270 2410 Vel
292 2367 331 2409 ex
349 2346 411 2409 hoc
431 2345 606 2428 specimine
626 2366 822 2431 cognoscere
841 2345 918 2410 licet
936 2346 1053 2408 librum
1075 2367 1132 2408 ne-

118 2437 289 2521 glegenter
313 2434 470 2516 scriptum
494 2433 670 2517 multisque
693 2432 818 2497 mendis
837 2433 938 2498 verba
962 2433 1131 2514 scriptoris

117 2547 137 2588 a
160 2523 293 2588 librario
311 2522 443 2586 foedata
467 2543 546 2587 esse.
587 2520 684 2586 Modo
705 2522 853 2604 singulae
872 2523 1010 2602 litterae,
1033 2522 1130 2586 modo

117 2616 188 2676 tota
210 2612 310 2676 verba
333 2610 453 2674 omissa
482 2613 558 2674 sunt
586 2609 724 2694 aliisque
753 2608 916 2674 erroribus
944 2614 1051 2673 textus
1078 2610 1131 2674 de-

118 2704 271 2785 pravatus
306 2702 364 2763 est.
420 2696 481 2762 sed
513 2697 695 2781 ubicunque
730 2697 765 2761 in
799 2698 907 2762 codice
939 2698 1131 2762 Taurinensi

117 2789 199 2854 vilia
222 2788 441 2872 reperiuntur,
465 2808 503 2851 ea
527 2808 653 2870 semper
675 2786 886 2871 neglegentia
908 2786 1035 2850 librarii
1060 2793 1131 2850 orta

119 2881 211 2960 sunt,
242 2898 419 2960 numquam
449 2874 556 2940 studio
587 2877 671 2959 eius,
702 2876 756 2961 qui
787 2898 861 2941 cum
890 2875 925 2938 in
957 2874 1131 2959 archetypo

119 2966 238 3032 falsam
258 2965 429 3029 lectionem
450 2964 641 3050 cognovisse
664 2963 728 3029 sibi
747 2963 835 3029 visus
859 2967 955 3046 esset,
979 2985 1049 3027 eam
1074 2986 1131 3026 suo

120 3056 251 3142 ingenio
271 3055 373 3119 fretus
397 3055 566 3119 emendare
590 3056 772 3118 conaretur.
813 3051 949 3117 Frustra
972 3052 1074 3136 igitur
1097 3052 1131 3115 in

119 3145 182 3210 huc
214 3144 322 3209 codice
353 3143 621 3226 interpolationes
656 3143 861 3226 quaesiveris.
914 3139 1026 3224 Neque
1058 3162 1131 3204 raro

122 3233 239 3296 menda
263 3237 406 3297 correcta
426 3236 514 3314 sunt3
540 3233 624 3315 quod
644 3237 752 3294 utrum
777 3229 817 3293 ab
841 3231 913 3313 ipso
932 3229 1065 3292 librario
1090 3251 1131 3290 an

121 3321 162 3383 ab
178 3321 243 3384 alio
257 3321 397 3404 quodam
410 3321 557 3403 —paulo
572 3322 744 3403 postquam
759 3318 842 3381 liber
859 3321 1010 3381 exaratus
1029 3320 1079 3380 est
1093 3354 1130 3362 -

121 3407 244 3472 factum
273 3410 328 3488 sit,
356 3409 511 3492 indagare
538 3429 604 3471 non
631 3405 732 3491 potui.
777 3405 849 3470 Hoc
878 3409 1019 3487 constat,
1049 3406 1133 3488 quis·

122 3498 194 3579 quis
218 3495 283 3560 fuit
305 3497 360 3561 ille
385 3500 559 3580 corrector,
587 3517 660 3560 eum
684 3515 750 3558 non
774 3515 832 3558 suo
856 3493 974 3577 Marte,
1000 3494 1055 3558 sed
1080 3515 1131 3557 ex-
