2362 3938
137 180 200 246 112
478 174 507 233 0.
526 173 664 230 vanam
680 169 814 230 sulcet

135 331 215 394 nube
239 337 323 409 pater
346 327 524 407 prensisque
548 325 680 402 equitem
703 324 845 401 cognouit
866 320 1003 386 habenis.
1051 323 1055 331 '
1095 334 1134 384 220

137 428 167 482 at
190 420 302 499 pariter
324 417 467 493 luctuque
491 414 595 474 furens
617 413 746 490 uisuque
768 410 905 472 Medores

137 506 328 588 Tyndariden
350 506 426 584 petit
447 511 478 564 et
501 519 626 582 superos
649 501 693 560 sic
716 516 792 560 uoce
814 508 971 580 precatur:

140 592 232 658 'nunc
256 613 310 673 age
333 592 382 654 221
406 610 492 652 22230
516 591 656 650 comitem
678 607 725 649 me
744 587 861 649 reddite
885 589 973 650 fratri

140 688 256 766 primus
278 681 327 743 uel
350 688 452 741 nostra
475 682 595 758 sonipes
618 678 702 739 cadat
725 679 835 757 impius
856 676 951 759 hasta,

141 772 255 834 credita
273 773 324 849 qui
347 771 456 829 misero
480 785 540 828 non
563 766 679 827 rettulit
702 783 784 828 arma
806 768 924 846 parenti
1101 773 1140 826 220

141 878 249 939 meque
272 860 357 919 uenit
380 864 483 918 contra
507 858 683 935 captiuaque
706 862 790 935 terga
812 849 985 917 ministrat?

142 950 269 1029 dixerat3
293 948 395 1007 Actaei
417 944 470 1005 sed
494 963 563 1006 eum
585 945 668 1024 prior
690 942 776 1005 hasta
796 943 915 1004 Phaleri

143 1038 245 1116 deicit3
269 1035 305 1096 ad
328 1037 424 1095 socias
447 1036 567 1112 sonipes
590 1035 668 1093 citus
691 1033 794 1111 effugit
816 1032 884 1093 alas.

188 1124 261 1195 Quis
283 1122 338 1182 tibi
362 1122 465 1181 fatales
488 1140 631 1199 umquam
653 1122 809 1182 metuisset
831 1120 967 1200 Amyclas

142 1210 353 1287 Oebaliamque
377 1227 506 1288 manum,
529 1216 582 1289 tot,
605 1208 774 1290 Rhyndace‚
797 1207 949 1270 montibus
971 1211 1053 1272 inter
1104 1219 1146 1270 220

143 1299 240 1359 diuiso
263 1296 445 1375 totidemque
469 1293 578 1357 fretis?
600 1297 679 1358 cadit
701 1300 818 1378 inpiger
840 1316 900 1358 una

142 1388 265 1466 inguine
288 1386 455 1446 transfosso
479 1386 551 1447 olari
574 1385 726 1447 Taulantis
749 1386 885 1447 alumnus

144 1474 275 1538 semidea
297 1477 448 1555 genetrice
472 1474 580 1556 TageS,
604 1477 653 1536 oui
674 1475 802 1553 plurima
826 1475 909 1535 siluis

144 1565 302 1644 peruigilat
324 1571 457 1625 materna
480 1583 566 1624 soror
589 1564 747 1642 cultusque
769 1563 893 1624 laborat.

131 1655 247 1714 tenuia
269 1671 330 1713 non
352 1653 436 1713 illum
459 1653 612 1714 candentis
636 1652 757 1714 carbasa
778 1653 840 1734 lini,
1107 1660 1152 1714 220

27 1776 34 1783 -
145 1761 207 1802 non
231 1760 304 1802 auro
328 1742 445 1821 depicta
469 1741 613 1822 chlamys,
636 1760 696 1802 non
719 1742 796 1802 flaua
818 1740 911 1821 galeri

146 1832 293 1890 caesaries
316 1833 455 1909 pictoque
479 1833 584 1890 iuuant
607 1829 806 1909 subtegmine
830 1829 945 1892 bracae.

145 1921 264 1998 iamque
287 1937 385 1980 nouus
409 1916 522 1979 mediae
546 1920 710 1997 stupefacta
733 1937 787 1999 per
810 1920 926 1998 agmina
949 1938 1068 2000 pugnae

146 2007 229 2068 uadit
251 2026 344 2085 eques
367 2006 459 2068 densa
482 2024 624 2087 spargens
643 2007 758 2067 hastilia
782 2007 897 2088 dextra,

147 2096 383 2175 fulmineumque
406 2096 481 2156 uiris
503 2097 635 2175 profusis
657 2098 767 2175 ingerit
790 2114 892 2156 ensem
1109 2110 1155 2160 200

146 2184 206 2245 1222
229 2183 362 2244 alternus
385 2193 415 2245 20
433 2183 506 2264 huc;
530 2204 599 2246 cum
622 2187 739 2246 saeuior
762 2203 832 2246 ecce
855 2187 1000 2247 iuuentus

148 2272 326 2334 Sarmaticae
341 2275 440 2334 coiere
463 2291 569 2334 manus
592 2275 787 2353 fremitusque
811 2275 947 2334 uirorum

148 2362 291 2441 semiferi3
315 2364 392 2439 riget
415 2361 461 2421 his
484 2362 566 2422 molli
587 2362 679 2422 lorica
702 2371 817 2442 catena3
890 2352 895 2359 ’

146 2447 177 2507 id
200 2467 320 2526 quoque
343 2455 462 2526 tegmen
486 2453 584 2529 equis;
608 2459 637 2511 at
661 2453 730 2529 equi
752 2458 891 2530 porrecta
912 2469 968 2530 per
991 2469 1090 2514 armos

147 2542 178 2596 20
200 2543 289 2614 caput
310 2538 463 2613 ingentem
486 2541 597 2615 campis
619 2537 777 2601 hostilibus
801 2537 938 2600 umbram
1110 2549 1158 2601 200

147 2623 206 2683 1220
228 2622 309 2683 abies
333 2622 440 2684 obnixa
463 2643 540 2702 genu
565 2628 705 2705 uaditque
729 2631 829 2688 uirum
852 2630 893 2708 ui,

147 2712 229 2772 uadit
252 2730 375 2793 equum,
398 2712 501 2774 docilis
524 2713 616 2793 relegi
640 2714 803 2796 docilisque
827 2718 934 2795 reponi

147 2808 235 2880 atque
258 2803 368 2861 iterum
390 2804 504 2863 medios
527 2821 587 2863 non
610 2806 722 2865 tardior
744 2808 788 2867 ire
807 2824 862 2885 per
884 2804 997 2870 hostes.

147 2891 270 2952 orbibus
288 2890 343 2951 hos
365 2891 475 2970 rapidis
498 2892 638 2972 mollique
661 2914 717 2974 per
739 2912 868 2972 aequora
891 2891 998 2955 Castor

148 2981 283 3042 anfractu
306 2980 428 3041 leuioris
452 2984 521 3061 equi
545 2983 658 3045 deludit
681 2984 802 3044 anhelos
1109 2994 1160 3044 240

147 3071 387 3147 inmemoresque
411 3074 499 3152 mori3
523 3072 576 3131 sed
599 3091 659 3132 non
681 3073 777 3133 isdem
799 3072 913 3134 artibus
937 3091 1032 3153 aeque

147 3165 333 3218 concurrunt
355 3158 494 3238 ultroque
520 3169 612 3221 ruunt
635 3164 666 3220 in
690 3162 795 3223 funera
819 3161 928 3223 ColohI.

147 3244 311 3326 Campesus
333 3249 450 3325 inpacta
473 3248 550 3309 latus
573 3252 652 3310 inter
675 3258 705 3311 20
727 3251 777 3311 ilia
800 3270 915 3332 quercu

114 3362 115 3367 1
148 3333 263 3394 tollitur
286 3353 320 3395 ac
343 3336 470 3397 mediam
493 3340 624 3398 moriens
647 3339 802 3401 descendit
824 3343 856 3400 in
877 3341 1003 3401 hastam.

149 3417 283 3482 Oebasus
305 3423 448 3485 infestum
471 3428 630 3486 summisso
653 3427 764 3506 poplite
787 3427 918 3486 Phalcen
1110 3437 1162 3489 240

147 3511 278 3568 22231332
302 3518 384 3571 ratus
407 3513 525 3576 laeuum
547 3533 602 3593 per
624 3515 743 3575 luminis
766 3510 882 3593 orbem
