2362 3938
85 171 152 239 200
207 173 382 231 emarcus
398 173 615 231 ALEXANDRI
633 175 683 231 AD
702 174 973 232 snlsrornnnn.

173 336 255 402 nnn
293 337 334 402 ad
366 338 482 404 horam
514 340 619 404 noctis
655 339 788 404 tertiam
824 339 968 423 aliquam
1005 342 1102 406 nobis

83 425 288 506 sperantibus
324 428 467 512 requiem
506 429 658 493 binorum
690 431 919 512 terrorumque
957 429 1100 512 capitum

82 510 211 577 cristati
239 519 406 599 serpentes
429 515 532 580 Indici
555 521 713 581 venerunt
736 519 959 582 columnarum
987 519 1101 581 crassi-

81 599 193 667 tudine
212 604 408 685 consimiles,
432 604 599 687 aliquanto
618 607 835 689 proceriores3
858 605 897 669 ad
921 606 1102 687 potandam

50 709 63 751 s
85 711 204 775 aquam
226 713 266 757 ex
284 692 398 757 vicinis
422 692 582 756 montium
602 694 765 776 speluncis
784 715 970 779 processere
991 695 1102 759 oribus

84 781 292 865 squamisque
320 780 387 845 suis
417 779 553 844 humum
582 783 774 863 atterentes,
806 805 943 866 quornm
969 787 1103 866 pectore

84 873 200 952 erecta,
219 877 252 934 et
270 890 343 934 cum
357 867 500 933 trisulcis
515 869 636 953 linguis
650 869 759 934 fauces
780 871 999 955 exsertabant‚
1019 872 1102 936 scin-

83 957 269 1023 tillantibus
293 956 395 1022 oculis
415 977 548 1040 veneno,
573 980 711 1040 quorum
732 958 857 1024 halitus
880 981 1008 1044 quoque
1034 963 1105 1023 erat

84 1045 226 1129 pestifer.
263 1044 346 1112 Oum
369 1044 421 1109 his
444 1045 527 1109 hora
550 1046 690 1128 amplius
714 1068 780 1110 una
805 1047 961 1112 debellati
981 1070 1103 1130 sumus,

44 1156 70 1195 10
85 1135 276 1218 amissisque
304 1133 443 1218 triginta
472 1135 572 1197 servis
601 1138 633 1197 et
661 1134 777 1216 viginti
800 1134 973 1199 militibus.
1022 1135 1104 1200 Ora·

83 1221 223 1305 bamque
244 1221 446 1304 Macedones,
468 1242 509 1284 ne
534 1221 677 1284 adversis
696 1221 823 1286 casibus
843 1222 995 1285 cederent
1018 1245 1104 1288 neve

83 1308 259 1374 deficerent
288 1311 414 1393 animo,
443 1330 638 1394 quamquam
670 1313 702 1373 et
729 1309 873 1392 ipsorum
903 1312 989 1372 esset
1018 1310 1104 1374 dura

83 1397 252 1482 patientia.
299 1398 420 1462 Omnes
448 1419 482 1462 se
511 1397 697 1462 officiebant
725 1397 823 1481 operi.
873 1395 953 1461 Post
981 1397 1103 1462 disces-

86 1508 159 1552 sum
183 1491 291 1552 autem
315 1486 513 1569 serpentium
538 1486 646 1552 cancri
668 1486 859 1551 immodicae
880 1484 1102 1550 multitudinis

45 1595 72 1637 11
85 1580 244 1642 venerunt
275 1574 524 1641 crocodillorum
557 1577 695 1659 pellibus
729 1575 869 1640 contecti
907 1574 947 1639 ad
984 1577 1102 1640 castra.

86 1663 176 1740 Quae
207 1663 356 1749 prodigia
389 1663 510 1728 duritia
545 1666 699 1730 thoracae
736 1663 858 1729 ferrum
895 1664 1101 1748 respuebant.

85 1751 191 1818 Multa
214 1752 345 1837 ignibus
370 1756 458 1835 usta,
482 1755 587 1818 multa
610 1776 644 1818 se
668 1755 701 1817 in
726 1758 878 1838 stagnum
901 1756 1101 1837 receperunt.

174 1839 245 1906 Iam
267 1862 329 1906 nos
353 1841 477 1926 vigiliis
500 1843 663 1926 inquietos
684 1843 799 1926 quinta
818 1843 923 1907 noctis
947 1842 1029 1907 hora
1048 1843 1103 1905 bu-

86 1928 160 1995 cina
179 1929 334 1995 monebat
353 1929 394 1994 ad
414 1930 652 2014 quiescendum.
685 1929 747 1995 sec
769 1931 888 1996 affuere
909 1932 975 1995 albi
994 1930 1102 1994 leones

44 2038 72 2078 ao
86 2021 253 2085 taurorum
267 2019 479 2102 comparandi
494 2020 693 2103 corporibus,
714 2019 769 2103 qui
788 2041 860 2083 cum
875 2020 1003 2102 ingenti
1019 2041 1101 2081 mur-

87 2129 187 2191 mure,
211 2108 375 2172 concussis
395 2107 584 2190 cervicibus,
608 2107 770 2172 stantibus
790 2107 855 2170 alte
873 2106 959 2170 iubis
983 2108 1018 2169 in
1036 2129 1103 2171 mo-

86 2196 164 2260 dum
194 2195 367 2260 fulminum
398 2195 432 2259 in
462 2218 522 2260 nos
553 2195 710 2279 impetum
741 2194 881 2276 faciunt,
913 2196 1103 2276 exceptique

86 2286 186 2348 ruunt
210 2284 387 2351 venabulis.
434 2283 559 2348 Tantus
582 2284 769 2366 repentinus
793 2281 959 2345 oriebatur
981 2280 1100 2343 tumul-

85 2376 140 2437 tus
164 2373 351 2437 cumulante
375 2392 471 2436 caeca
493 2375 598 2437 nocte.
638 2370 707 2435 Nec
730 2369 836 2434 minus
862 2369 932 2451 apri
956 2369 1102 2453 ingentis

48 2479 75 2521 as
88 2460 214 2526 formae
245 2462 349 2526 acutis
380 2459 529 2525 dentibus
558 2457 658 2524 veluti
686 2458 771 2523 vallo
799 2457 1009 2522 horrentibus
1040 2480 1104 2521 me-

86 2548 209 2633 tuendi,
228 2549 322 2614 mixti
341 2548 514 2613 maculosis
528 2547 676 2631 lyncibus
691 2546 929 2631 tigridibusque
949 2552 982 2612 et
1000 2547 1104 2611 horri-

86 2637 209 2702 bilibus
232 2637 400 2720 pantheris
429 2637 610 2701 miscebant
634 2636 772 2720 proelia‚
800 2635 891 2700 nulla
918 2636 985 2701 iam
1014 2641 1104 2720 peste

179 2833 193 2881 1
220 2827 292 2882 Tum
322 2830 352 2884 V.
386 2827 455 2882 Cum
483 2833 530 2884 cet.
603 2834 619 2882 2
649 2827 828 2897 sperantibus
855 2830 961 2884 habere
990 2828 1104 2882 0.H.P.

88 2900 262 2954 tvenerunt
280 2915 330 2954 om.
350 2900 387 2953 H.
439 2897 512 2952 aad
531 2899 688 2968 potandum
707 2899 826 2956 ΒΕΘ.
874 2904 939 2955 ret
956 2915 1005 2952 om.
1026 2897 1102 2950 HV.

89 2969 241 3024 exerebant
259 2969 299 3024 H.
324 2968 600 3037 scintillantibnsque
620 2971 659 3025 H.
698 2977 713 3025 9
733 2987 789 3025 non
808 2970 928 3040 amplius
942 2969 980 3023 H.
1010 2967 1103 3020 debel-

89 3041 210 3096 lavimus
229 3041 268 3096 H.
343 3046 375 3094 12
394 3040 488 3094 animo
509 3057 558 3096 om.
575 3041 614 3097 H.
648 3041 718 3096 dura
737 3044 781 3096 est
798 3042 838 3095 H.
912 3044 1103 3092 1311111111-

89 3107 1103 3251 111111111111111111111111111111

88 3251 215 3308 thoracis
231 3251 260 3306 0.
269 3252 302 3307 P.
329 3252 397 3307 corii
410 3250 440 3307 V.
481 3256 512 3305 17
532 3253 826 3321 multa-receperunt
845 3267 895 3306 om.
916 3249 955 3303 H.
992 3255 1026 3301 20
1046 3263 1103 3300 cor-

89 3321 216 3392 poribus]
237 3322 479 3392 magnitudinibus
497 3322 536 3376 H.
570 3323 738 3388 quianam.
815 3326 849 3375 21
868 3319 1006 3374 stantibus
1027 3317 1102 3372 V.H.

89 3394 196 3449 stantes
220 3399 267 3448 111.
340 3399 374 3449 tt
399 3393 488 3448 acutis
513 3391 642 3446 dentibus
666 3393 774 3458 scripsi.
807 3389 891 3443 iactis
917 3390 1046 3444 dentibus
1073 3388 1101 3441 O.

90 3463 221 3519 dentibus
241 3481 291 3520 om.
307 3470 353 3520 111.
384 3464 448 3520 iotis
462 3463 585 3521 ΗΘΜ.
614 3462 688 3516 ictus
702 3462 738 3515 B.
767 3461 869 3515 ictibus
885 3460 916 3514 V.
954 3465 987 3514 27
1007 3459 1103 3514 misce-

88 3535 159 3590 bant
177 3535 216 3589 H.
246 3535 437 3592 miscebuntur
456 3540 501 3592 cet.
539 3532 609 3588 nulli
627 3533 683 3586 iam
702 3535 781 3601 peste
800 3531 990 3601 comparanda
1009 3532 1047 3585 H.

983 3834 1078 3860 *n
