2362 3938
142 173 205 238 138
463 167 514 240 ro.
532 164 817 223 vocemmeam
854 137 857 145 '

136 330 167 382 et
188 322 248 380 iam
271 321 329 379 iam
352 320 467 397 magico
491 334 546 397 per
569 333 661 395 opaca
684 314 803 375 silentia
825 312 948 375 Colchis
1143 367 1167 395 Ι.

136 414 277 488 coeperat
299 410 344 468 ire
368 425 455 488 sono,
479 413 677 483 montanaque
702 402 833 463 condere
856 401 963 464 uultus
1093 411 1127 462 stt
1168 427 1181 463 :o

137 498 259 558 numina
282 513 411 574 cumque
435 496 497 555 suis
521 495 618 554 auerti
640 490 766 554 collibus
789 491 915 571 Amnes3
1173 534 1175 544 ι

140 588 199 646 iam
223 583 347 646 stahohs
370 583 571 663 gregibusque
595 599 690 660 pauor
713 581 919 658 strepitusque
944 579 1083 659 sepulcris
1174 609 1180 634 ι

137 674 297 754 inciderat3
320 680 422 752 stupet
443 674 508 751 ipsa
530 672 616 750 graui
638 687 697 729 nox
720 668 834 729 tardior
856 666 975 750 umbra,
1080 677 1084 682 '
1179 697 1181 715 ι

138 765 256 841 iamque
280 769 413 822 tremens
436 760 522 838 longe
547 760 684 837 sequitur
707 756 821 838 Venus3
843 764 940 835 utque
964 757 1021 818 suh
1041 756 1105 818 altas

139 868 308 930 peruenere
331 849 431 911 trahes
454 848 601 928 diuaeque
625 847 772 913 triformis
793 847 825 905 in
847 844 997 927 umhram,
1100 852 1137 904 etl

139 939 188 999 hic
212 937 310 999 subito
333 944 401 998 ante
425 935 528 997 oculos
549 935 684 997 nondum
706 941 844 1013 speratus
867 933 956 995 lason

139 1028 275 1108 emicuit,
298 1026 434 1104 uiditque
457 1027 542 1104 prior
565 1024 728 1085 conterrita
750 1024 852 1102 uirgo;

140 1115 236 1192 adque
259 1113 330 1174 hinc
353 1132 386 1174 se
408 1113 566 1192 profugam
589 1111 707 1173 uolucri
729 1111 943 1172 Thaumantias
966 1109 1012 1172 ala

141 1201 274 1281 susttdit3
298 1201 367 1261 inde
391 1200 491 1260 Venus
514 1201 637 1260 dextrae
661 1198 781 1280 delapsa
803 1201 928 1260 tenenti.
985 1200 995 1209 ”

139 1287 248 1349 obuius
271 1296 305 1349 ut
329 1305 395 1348 sera
419 1298 488 1348 cum
511 1306 543 1348 se
568 1287 624 1349 suh
648 1289 911 1366 noctemagistris
1103 1297 1145 1348 400

138 1378 267 1455 inpingit
288 1378 450 1455 pecorique
473 1395 568 1457 pauor
574 1425 583 1459 ,
607 1375 749 1455 qualesue
772 1375 956 1455 protundum

139 1482 195 1545 per
218 1464 307 1525 chaos
330 1474 495 1526 occurrunt
518 1483 622 1526 caecae
647 1467 711 1526 sine
734 1464 862 1525 nocihus
885 1464 1025 1547 umbrae,

140 1553 213 1615 haut
236 1572 324 1615 secus
346 1556 377 1614 in
400 1554 506 1615 mediis
528 1556 626 1615 noctis
649 1556 840 1631 nemorisque
862 1552 999 1615 tenebris

142 1643 309 1703 inciderant
332 1642 418 1703 amho
442 1645 560 1704 attoniti
582 1646 724 1720 iuxtaque
746 1640 896 1722 subibant,

140 1730 289 1791 abietibus
311 1733 409 1792 tacitis
433 1740 484 1792 aut
506 1733 637 1792 immotis
660 1731 820 1810 cyparissis
1107 1739 1150 1792 405

142 1819 303 1900 adsimiles,
327 1818 448 1880 rabidus
471 1820 604 1881 nondum
627 1837 701 1899 quas
723 1820 844 1879 miscuit
867 1825 979 1880 auster.

186 1906 266 1986 Ergo
290 1916 324 1968 ut
346 1916 411 1969 erat
433 1906 521 1969 uultu
544 1909 659 1969 defixus
681 1916 809 1987 uterque
834 1906 934 1968 silenti

142 2013 261 2074 noxque
285 2015 373 2058 suum
395 1996 556 2076 peragebat
578 1999 650 2078 iter,
673 1999 734 2057 iani
754 1997 814 2056 iam
836 2013 889 2056 ora
910 1995 1015 2059 leuare

142 2085 311 2145 Aesoniden
334 2085 449 2163 farique
474 2087 557 2164 cupit
578 2085 681 2146 Medea
703 2086 844 2164 priorem.

142 2191 231 2251 quam
254 2172 343 2233 simm
365 2174 468 2234 effusis
490 2176 674 2253 pauitantem
696 2172 815 2235 lietihus
838 2172 928 2233 heros
1110 2185 1157 2236 410

141 2260 359 2340 flagrantesque
384 2280 474 2340 genas
498 2262 574 2323 uidit
596 2264 800 2340 miserumque
823 2261 980 2344 pudorem,

143 2347 196 2409 has
219 2349 338 2411 tandem
361 2368 453 2410 uoees
477 2351 558 2411 dedit
576 2359 608 2411 et
630 2351 742 2411 solatus
765 2357 913 2412 amantem
935 2358 991 2412 est

143 2431 255 2496 ‘lersne
279 2437 407 2515 aliquam
431 2456 515 2517 spem
537 2434 647 2499 lucisl'
670 2440 720 2498 ait.
766 2433 916 2499 ‘miserata
938 2437 1075 2502 lahorem

141 2541 249 2601 nempe
272 2521 380 2584 uenis?
402 2542 440 2585 an
464 2534 495 2586 et
516 2528 581 2605 ipsa
604 2545 669 2586 mea
691 2525 841 2588 laetabere
862 2523 984 2588 morte?

141 2629 192 2691 ne,
215 2628 338 2689 precor,
361 2612 482 2673 inlando
506 2613 634 2674 similem
657 2622 700 2695 te,
724 2617 822 2694 uirgo,
846 2617 965 2694 parenti
1043 2683 1048 2687 ,
1109 2626 1159 2678 415

141 2701 284 2781 gesseris,
307 2699 380 2760 haut
403 2701 476 2786 tples
499 2700 586 2762 decet
608 2701 799 2764 inclementia
822 2703 934 2765 uultus.

142 2787 263 2848 hascine
287 2806 367 2848 nuno
390 2797 503 2871 grates,
526 2789 599 2851 haec
622 2799 776 2872 expectata
797 2791 934 2853 laborum

143 2877 220 2937 dona
243 2878 308 2938 dari
322 2875 452 2939 decuit?
475 2881 518 2940 sic
542 2886 571 2940 te
595 2880 650 2941 suh
675 2888 752 2942 teste
775 2882 888 2942 remitti

142 2966 187 3026 las
209 2985 270 3048 me,
293 2968 393 3049 uirgo,
416 2963 523 3030 tuum?
546 2971 640 3030 iustas
663 2971 699 3031 da
722 2969 849 3030 cccmus
873 2987 971 3032 aures.
1003 2992 1008 3000 ·
1050 2980 1060 2989 “

142 3072 197 3115 cur
220 3063 306 3134 pater
329 3055 378 3116 ille
401 3064 472 3118 tuus
494 3059 586 3119 tantis
609 3076 656 3118 me
680 3076 832 3138 opponere
856 3060 1001 3119 monstris
1110 3071 1161 3121 tto

142 3136 230 3224 (quid
253 3138 430 3226 merituml)
454 3155 506 3207 aut
528 3145 602 3207 tales
625 3146 721 3208 uoluit
742 3165 790 3208 me
813 3147 945 3226 pendere
968 3144 1105 3226 poenas?

142 3247 180 3290 an
202 3232 279 3291 iacet
302 3239 424 3292 externa
446 3233 527 3311 quod
550 3253 630 3295 nunc
653 3235 726 3296 mihi
749 3235 871 3315 cuspide
894 3232 1050 3297 Canthus?

142 3318 281 3397 quodque
305 3337 390 3380 meus
413 3323 524 3382 uestris
548 3322 656 3384 cecidit
678 3342 733 3403 pro
757 3324 914 3384 moenibus
937 3320 1041 3403 lphis?

142 3413 193 3464 aut
217 3405 353 3484 Scythiae
376 3414 459 3469 tanta
481 3409 550 3470 inde
574 3408 702 3472 manus?
724 3413 862 3472 iussisset
884 3410 967 3472 abire

141 3491 274 3568 pertidus
298 3501 387 3572 atque
412 3499 475 3556 suis
493 3498 641 3577 extemplo
660 3499 767 3558 cedere
790 3497 891 3572 regnis
1055 3512 1064 3527 “
1108 3512 1163 3563 425
