2362 3938
106 195 169 259 620
388 213 491 250 nomen
508 211 615 249 nemu
632 212 700 248 ntor.
719 213 776 247 Res.

105 350 178 388 nuno
196 333 239 387 ed.
258 332 396 401 Krnegeri
414 333 432 387 l.
451 349 473 386 o.
492 349 520 410 p.
539 338 588 387 160
605 348 671 400 seq„
690 333 726 385 ed
744 348 829 400 quem
846 332 918 385 hene
936 334 1060 386 nostram

104 400 228 468 tertium,
246 400 373 455 codicem
392 400 427 454 ab
446 415 479 453 eo
497 401 654 467 inspectum
677 404 753 453 Vini.
770 399 961 466 insignientes,
979 400 1059 452 insti-

104 467 219 530 tuimus,
237 468 276 521 sio
292 470 390 522 iumen
407 469 440 520 ut
456 466 519 520 loce
534 465 634 520 herum
652 465 870 529 Institutionum,
889 482 962 533 quae
979 483 1059 535 pree·

104 535 185 588 teres
196 536 355 604 supersunt,
369 549 498 603 quaeque
508 532 746 600 quemadmodum
755 548 785 586 se
795 533 968 602 exceperint,
976 535 1064 588 modo

106 601 235 668 diximus,
254 618 309 655 uno
328 603 456 670 excepto,
475 615 530 653 non
549 603 748 667 repeteremus.

478 802 688 810 —-—-—-———-

282 975 479 1049 VLPIANI
503 973 878 1049 INSTITVTIONVM
1071 1003 1113 1051 us

431 1098 554 1157 niens
571 1098 729 1158 estuve.

453 1273 502 1313 ne.
519 1272 541 1312 1.
557 1253 647 1328 (antee
662 1249 712 1333 11).

167 1362 192 1425 1.
216 1359 401 1423 ¹Preearium
417 1374 467 1432 est,
485 1367 561 1438 quod
571 1368 710 1438 precibus
722 1370 832 1438 petenti
845 1368 979 1424 utendum
991 1384 1059 1426 con·

105 1454 218 1509 ceditur
238 1451 361 1520 tamdiu,
382 1452 517 1521 quamdiu
531 1453 572 1519 is,
595 1454 644 1522 qui
658 1454 815 1521 concessit,
829 1455 950 1522 patitur.
986 1455 1064 1524 quod

104 1551 195 1608 penus
209 1527 410 1592 liberalitatis²
429 1549 468 1590 ea
482 1537 546 1590 iure
560 1538 683 1606 pentium
698 1535 854 1591 descendit.
898 1542 925 1590 et
939 1537 1027 1592 distat
1042 1555 1059 1592 a

105 1620 258 1678 donatione
273 1635 319 1686 eo,
337 1619 414 1690 quod
427 1620 477 1690 qui
490 1619 591 1687 donat,
614 1621 656 1673 sic
671 1620 736 1688 dat,
757 1634 793 1673 ne
808 1621 944 1689 recipiam
966 1605 1064 1692 at‘pui

102 1705 241 1775 precario
256 1703 395 1771 coneedit,
411 1704 453 1758 sic
468 1701 526 1770 dat,
544 1705 629 1774 quasi
643 1709 711 1757 tune
727 1709 910 1773 recepturus,
928 1720 992 1761 eum
1007 1705 1061 1760 sibi

103 1787 221 1845 libuerit
232 1789 402 1857 precarium
418 1787 540 1845 soluere.
576 1793 603 1842 et
618 1794 660 1843 est
676 1786 764 1842 simile
781 1789 973 1844 commodato.-
992 1804 1060 1843 num

106 1877 133 1927 et
148 1868 200 1942 qui
213 1871 369 1925 commodat
384 1885 453 1938 rem,
469 1873 512 1925 sic
528 1872 695 1940 commodat,
709 1877 741 1926 ut
754 1887 811 1927 non
824 1870 921 1941 faeiat
936 1886 997 1927 rem
1009 1888 1059 1927 ae-

8 1957 39 2007 ot.
49 1958 65 2006 t.
76 1973 97 2006 a.
109 1956 252 2027 ripientis,
268 1954 320 2008 sed
334 1954 365 2008 ui
380 1957 408 2009 ei
420 1946 468 2031 uiti
483 1969 512 2009 re
527 1954 695 2008 commodate
709 1955 857 2025 permittat.

33 2029 73 2076 fin.
168 2032 197 2092 2.
221 2034 350 2092 Loretum
373 2043 531 2110 quoquest
553 2037 716 2092 conductum
736 2037 778 2091 ius
799 2037 921 2108 gentium
942 2037 1060 2096 induxit.

107 2136 169 2177 nem
191 2135 223 2175 er
245 2135 300 2192 quo
324 2122 463 2192 coepimus
484 2121 671 2192 possessiones
692 2118 861 2190 proprisset
882 2132 926 2172 res
948 2118 1060 2189 hahere,

105 2211 133 2260 st
153 2202 262 2259 locandi
284 2195 454 2279 ²(nostras)³
475 2203 517 2257 ius
540 2203 629 2263 naneti
650 2215 756 2269 sumus,
779 2207 806 2254 et
826 2199 993 2256 conducendi
1014 2218 1061 2256 res

105 2287 220 2361 alienes3
245 2295 272 2342 et
293 2288 329 2355 is,
354 2287 400 2357 qui
423 2284 567 2356 conduxit,
588 2286 647 2338 iure
669 2282 790 2355 gentium
812 2290 920 2338 tenetur
934 2283 966 2338 ad
988 2299 1058 2339 mer·

105 2370 197 2428 sedem
212 2362 418 2447 euisoluendam
435 2371 573 2431 locnton',·
593 2371 720 2436 isauro,
739 2369 789 2439 qui
801 2369 922 2438 locauit,
945 2369 1060 2424 adrem

102 2455 328 2528 praestandam,
343 2459 375 2510 ut
390 2454 477 2509 alteri
489 2455 532 2509 uti
545 2454 592 2508 uel
604 2451 670 2523 frui
683 2465 719 2506 ea
732 2444 846 2508 liceat.4

442 2605 491 2646 re.
506 2603 532 2645 11
548 2579 640 2664 (auten
652 2583 716 2659 111).

167 2695 192 2756 l.
210 2693 233 2756 ⁵.
246 2740 272 2759 ..
287 2739 294 2755 .
310 2701 390 2756 uelut
401 2699 428 2754 si
436 2705 535 2754 mutua
547 2700 674 2770 pecunia
686 2699 736 2754 titi
745 2700 813 2755 data
830 2702 875 2771 sit,
892 2715 949 2756 non
960 2702 1059 2757 eadem

9 2787 204 2856 ol.1.b.utique
226 2786 396 2840 numismata
413 2774 417 2858 l
434 2781 534 2849 reddis,
557 2796 624 2853 quse
647 2783 788 2855 accepisti,
810 2783 858 2838 sed
879 2783 955 2838 eliam
977 2800 1058 2857 pecu·

33 2862 73 2912 ¹³11·
106 2867 175 2923 niem
191 2865 311 2923 eiusdem
327 2866 493 2939 quantitatis.
522 2863 630 2920 ilutune
641 2873 731 2921 autem
743 2866 800 2921 deri
815 2875 929 2939 possunt
944 2883 988 2924 res
1004 2883 1058 2924 non

106 2950 172 3007 eliae
186 2965 267 3022 quem
283 2966 351 3023 quae
366 2947 494 3022 pondere,
509 2963 635 3019 numero,
650 2964 776 3005 mensura
791 2951 973 3007 eontinentur.

179 3115 199 3184 ¹)
218 3117 266 3168 Est
279 3117 311 3167 L.
326 3129 345 3168 1.
365 3116 397 3165 D.
412 3116 444 3165 de
454 3130 560 3178 precer.
575 3114 620 3178 (to,
635 3113 679 3177 26).
732 3111 754 3179 ¹)
771 3115 896 3178 Ulpianus
910 3116 1060 3172 addiderat,

107 3196 135 3238 ut
148 3191 249 3253 opinor,
265 3185 301 3237 ‘et
315 3183 417 3251 ipsum'.
442 3185 526 3234 Antea
536 3199 597 3234 vero
607 3185 639 3232 de
650 3185 788 3234 donatione
798 3186 952 3234 disseruisse
961 3186 1057 3234 omnia·

106 3274 154 3324 que
168 3260 271 3323 nepotis
285 3259 352 3307 iaris
363 3258 476 3321 pentium
490 3257 527 3304 ita
542 3254 677 3304 ordinasse
690 3255 805 3312 uidetur,
824 3261 852 3302 ut
871 3255 903 3303 ab
921 3255 972 3311 iris,
992 3269 1059 3316 quae

106 3344 141 3378 em
155 3329 310 3378 iiberalitate
323 3328 441 3384 ueniant,
455 3339 566 3375 exorsus
580 3324 616 3373 ad
629 3339 672 3382 ea,
688 3339 752 3386 qaae
767 3324 888 3371 utilitatis
903 3338 982 3372 eausa
997 3337 1057 3371 eon-

106 3399 258 3460 traitantar‚
268 3404 398 3463 perperet.
463 3393 484 3461 ⁸)
498 3393 628 3457 Suppleoi.
693 3391 714 3458 ⁴)
728 3392 885 3441 Sententiam
898 3394 1021 3456 supplevi.

107 3465 129 3534 ὅ)
143 3467 299 3518 Sententiam
313 3469 476 3532 aliquatenus
489 3466 611 3529 supplevi.
637 3463 674 3527 Of.
685 3462 762 3527 pr.I.
778 3461 845 3526 quib.
856 3463 921 3512 mod.
931 3477 961 3511 re
975 3469 1058 3512 contr.

107 3536 138 3603 (s,
152 3538 197 3604 14).
