2362 3938
477 205 693 261 PRAEFATIO.
1027 209 1093 264 XXI

77 368 217 452 emplari
255 371 362 432 vetere
396 368 519 433 adscito
553 369 671 433 librum
707 369 903 435 emendasse.
959 371 1095 436 Restitit

73 463 186 521 tamen
210 455 299 520 haud
322 478 441 539 parvus
465 458 804 522 numerus'vitiorum.

167 544 264 620 Quod
288 545 328 608 ad
351 546 617 629 orthographiam
641 546 794 629 pertinet,
823 546 921 611 codex
950 548 1094 614 abundat

75 633 167 698 vitiis
201 632 267 716 eis,
300 634 416 717 quibus
447 635 524 698 libri
554 635 755 718 temporibus
787 634 852 698 illis
883 636 995 719 scripti
1027 659 1093 701 non

75 743 186 786 carere
226 723 342 787 solent.
396 720 623 787 commutatae
661 729 738 787 sunt
774 724 859 787 inter
894 745 928 788 se
964 725 1093 789 litterae

74 816 149 875 vet
173 811 205 893 b,
236 832 259 874 u
282 813 316 873 et
338 831 370 892 ο,
398 831 413 875 e
439 815 471 874 et
493 812 519 893 i,
546 832 562 875 e
585 816 617 875 et
636 833 670 895 93
700 812 855 895 aspiratio
884 813 979 877 modo
1007 806 1091 877 falso

75 899 203 983 addita,
237 897 333 963 modo
364 900 513 983 neglecta
545 902 603 963 est.
653 898 743 964 Haec
776 900 902 984 aliaque
935 900 1093 966 eiusmodi

76 987 213 1052 librario
244 986 415 1051 tribuenda
444 991 527 1053 sunt.
574 987 636 1053 Sed
666 989 750 1071 quod
778 989 811 1051 in
835 989 941 1053 verbis
965 1010 1092 1073 compo·

77 1077 120 1140 sit
106 1077 151 1139 tis
180 1075 371 1160 plerumque
399 1075 521 1140 formae
549 1098 614 1140 non
640 1077 839 1140 assimilatae
867 1078 979 1163 legunt
981 1100 1032 1163 ur,
1059 1079 1093 1143 in

77 1187 116 1229 eo
141 1164 225 1228 mihi
248 1163 392 1228 videor
383 1164 486 1246 rpsius
511 1165 652 1229 auctoris
678 1187 772 1229 usum
799 1166 959 1230 scribendi
983 1166 1093 1249 depre-

77 1252 232 1317 hendisse
252 1256 286 1315 a
287 1273 349 1335 que
369 1253 411 1317 ob
430 1252 515 1316 hanc
534 1274 665 1317 causam
684 1253 719 1317 in
739 1253 815 1317 edit
790 1257 880 1317 t10ne
896 1276 970 1318 mea
970 1277 1093 1357 ,quee-

79 1362 206 1424 cunque
230 1340 363 1405 verba'
354 1363 388 1405 m
411 1340 519 1406 codice
538 1341 730 1406 Taurinensi
751 1341 856 1407 forma
879 1365 945 1407 non
968 1343 1093 1407 assimi-

77 1430 123 1494 lat
110 1434 145 1493 ta
160 1429 307 1512 scripta
298 1429 417 1513 inveni,
432 1451 543 1494 eorum
558 1430 703 1494 omnium
717 1430 800 1495 hanc
815 1430 953 1495 formam
963 1432 1092 1496 restitui

77 1518 123 1581 eis
144 1538 274 1600 quoque
293 1517 381 1600 locis,
401 1518 517 1601 quibus
538 1518 656 1583 codicis
675 1517 884 1583 Taurinensis
904 1519 1092 1584 testimonio

77 1604 290 1689 destituebat,
313 1606 505 1688 praesertim
529 1628 601 1670 cum
621 1607 719 1670 etiam
742 1607 776 1671 in
795 1608 908 1671 ceteris
928 1606 1092 1672 codicibus

78 1694 271 1778 saepissime
302 1694 478 1758 dissolutae
508 1695 584 1758 illae
614 1695 738 1760 formae
768 1696 925 1779 legantur.
978 1694 1094 1778 Itaque

78 1783 208 1867 scripsi:
238 1783 360 1866 adcola,
387 1784 585 1867 adclamatio,
607 1784 758 1864 adfectus,
783 1785 925 1865 adficere,
952 1783 1093 1869 adripere,

77 1871 233 1953 adflictae,
257 1871 400 1956 adfluere,
422 1872 566 1952 adfuerit,
589 1873 725 1956 udqredi,
748 1871 881 1953 adloqui,
904 1871 1093 1953 adloquium,

77 1962 224 2043 adnuere,
242 1961 389 2043 adpetere,
407 1959 637 2045 udpreleudere,
655 1960 804 2042 adpellere
823 1955 894 2045 (sed
913 1955 1095 2045 appellare),

77 2049 275 2131 adroqautia,
294 2049 436 2127 adsolere,
455 2050 601 2129 adserere,
620 2050 818 2131 adtemptare,
832 2049 1009 2126 adtrectare,
1024 2068 1093 2112 cou-

79 2138 194 2221 locare,
217 2137 424 2221 conloquium,
447 2137 609 2220 imitatus,
631 2139 767 2221 inruere,
790 2138 980 2221 iurumpere,
1005 2136 1094 2219 obdr-

78 2246 133 2288 ma
134 2230 198 2326 tus,
221 2224 413 2307 subfraqari,
435 2225 641 2307 subfraqium,
664 2226 821 2307 subticere,
845 2226 1003 2309 subpiqere,
1025 2226 1094 2290 serb-

73 2315 201 2395 petiari.
248 2312 288 2376 In
312 2335 350 2377 ea
373 2332 407 2376 re
430 2317 540 2379 tamen
563 2337 583 2378 a
606 2314 714 2378 codice
738 2313 930 2378 Taurinensi
953 2314 1095 2397 discessi,

80 2402 167 2485 quod
191 2402 231 2465 lit
217 2404 336 2465 tteram
359 2422 390 2486 u,
414 2424 486 2466 cum
511 2408 586 2468 ante
554 2403 648 2466 tlit
650 2401 786 2480 t,erasb
808 2423 892 2530 m,p
915 2402 1094 2486 legebatur,

81 2511 211 2573 semper
233 2490 267 2552 in
290 2511 322 2554 m
345 2452 478 2556 mitari.

173 2576 255 2643 (lum
275 2577 458 2663 fragmenta
477 2582 605 2643 tantum
625 2578 744 2642 codicis
764 2599 783 2641 a
801 2600 852 2642 me
871 2578 936 2662 legi
955 2582 1097 2663 possent,

82 2665 313 2730 recurrendum
343 2670 413 2730 erat
443 2667 483 2732 ad
514 2689 566 2751 ea,
597 2688 678 2750 quae
709 2668 750 2730 ab
782 2667 908 2750 Angelo
938 2665 1026 2732 Maio
1057 2688 1096 2731 ex

82 2753 211 2818 schedis
241 2776 261 2818 a
289 2753 435 2838 Peyrone
463 2757 492 2818 ei
520 2754 722 2819 transmissis
749 2755 872 2838 publici
900 2755 980 2819 iuris
1008 2755 1097 2819 facta

84 2847 170 2907 sunt.
222 2841 272 2906 Ao
299 2844 440 2994 prtimum
468 2844 596 2927 quidem
624 2843 731 2907 Maius
761 2843 795 2907 in
825 2843 965 2909 editione
994 2844 1096 2906 altera

83 2931 124 2994 ab
152 2932 227 3015 ipso
257 2927 1097 3033 curata(sommae,nuecelass.T0m.V11)

84 3019 123 3083 ad
149 3018 261 3103 capita
288 3019 365 3083 libri
393 3020 490 3103 primi
515 3021 602 3084 10-
611 2983 655 3084 2'2
683 3024 716 3084 et
744 3019 783 3083 ad
812 3018 920 3100 capita
946 3017 1023 3081 libri
1050 3037 1097 3079 se·

84 3108 181 3172 cundi
201 3108 288 3172 34-
293 3109 336 3173 36
359 3109 513 3172 lectiones
537 3108 693 3210 quasdem
717 3128 757 3171 ex
780 3106 887 3171 codice
905 3104 1098 3168 Taurinensi

84 3196 268 3279 adnotavit,
290 3197 394 3261 multo
413 3196 551 3280 plures
542 3218 577 3260 ln
595 3200 720 3261 textum
739 3193 860 3276 recepit
846 3191 964 3256 tnullo
984 3191 1095 3255 addito

80 3287 190 3349 verbo.
240 3283 383 3360 Quarum
414 3306 497 3368 quae
530 3285 570 3349 ad
598 3285 717 3350 librum
750 3282 890 3365 primum
925 3279 1097 3364 pertinent,

80 3395 134 3438 eas
158 3372 342 3459 sumpsisse
365 3373 452 3438 ridet
438 3378 491 3437 tur
519 3395 557 3437 ex
580 3374 634 3455 iis,
663 3391 744 3456 quae
768 3367 894 3453 Peyron
923 3389 961 3431 ex
989 3367 1097 3433 codice

82 3459 341 3527 Taurinensit
308 3464 341 3525 et
370 3461 448 3526 ab
439 3483 472 3545 1p
475 3482 510 3525 so
539 3466 571 3525 et
557 3423 640 3525 tab
670 3459 785 3523 aliist
786 3457 985 3541 ransscripta
950 3454 1097 3521 tMaio

82 3550 226 3616 miserat.
279 3548 369 3614 Haeo
398 3570 484 3614 nunc
514 3548 689 3633 deperiisse
719 3545 829 3611 vident
815 3549 876 3612 tun
929 3545 1098 3612 Lectiones
