2362 3938
410 170 529 228 carus
547 170 768 226 rhamnum,
1075 173 1095 237 3

77 341 239 418 tueretur,
265 333 435 419 Olympias
459 334 571 398 refert:
595 323 699 409 ‘Quid
721 334 769 399 ita
793 334 956 420 defigeris,
980 357 999 400 o
1022 357 1096 420 pro·

78 427 188 512 pheta,
213 424 273 490 ubi
295 423 363 489 iam
381 444 432 488 me
451 420 622 488 intueris'l'
659 422 705 487 At
722 422 792 489 ille:
816 422 991 490 ‘Recordor
1010 425 1095 490 enim

77 537 163 581 nunc
182 513 316 578 demum
334 511 458 577 oraculi
477 511 555 595 eius,
579 512 665 596 quod
684 512 770 596 apud
787 512 974 596 Aegyptum
996 535 1015 577 a
1033 513 1096 578 diis

79 624 286 687 acceperam,
315 603 464 685 oportere
491 621 543 664 me
565 599 698 685 reginae
721 622 798 665 vera
820 601 1004 684 praedicere
1027 621 1097 685 per-

79 690 257 760 cunctanti.
287 689 394 767 Quare
409 689 541 755 consule
560 710 658 773 super
676 688 816 773 cupitis?
843 688 974 754 Etcum
989 690 1096 754 verbis
1124 695 1137 755 t

79 779 212 847 tabulas
227 778 359 863 promit,
378 800 457 862 quas
471 777 608 861 peritiae
627 776 761 844 huiusce
776 777 864 844 docti
877 776 1026 862 pinacem
1040 800 1098 843 no-

80 869 302 951 minaverunt,
320 886 395 949 opus
414 866 493 931 adeo
512 865 605 931 fabre
625 865 819 945 absolutum,
842 870 879 931 ut
898 866 1015 943 artifex
1034 889 1098 932 ma-

78 981 140 1024 nus
157 960 302 1024 certasse
316 959 485 1039 putaretur
504 977 577 1020 cum
592 955 669 1020 bino
684 955 886 1039 eloquentiae
900 957 1098 1021 testimonio.

81 1051 173 1113 Auro
197 1046 286 1110 enim
310 1046 343 1109 et
366 1045 464 1109 ebore
483 1043 646 1109 variatum
663 1046 806 1127 pretium
825 1045 876 1109 sui
898 1067 971 1110 cum
990 1047 1098 1130 operis

80 1134 299 1201 admiratione
323 1133 543 1199 contenderat.
588 1132 671 1196 Tum
699 1134 820 1216 promit
847 1134 946 1199 etiam
974 1137 1099 1219 septem
1113 1158 1139 1198 ro

81 1247 163 1309 quas
183 1225 312 1306 reparet
330 1222 442 1286 stellas
461 1225 494 1286 et
511 1221 727 1305 horoscopum
747 1222 878 1306 pariter,
897 1223 1015 1306 quibus
1035 1224 1099 1288 sin·

81 1312 170 1400 gulis
201 1311 254 1376 sui
282 1310 408 1375 metalli
439 1311 560 1394 species
592 1314 668 1374 erat.
721 1309 832 1377 Iovem
862 1313 948 1375 enim
977 1312 1099 1377 viseres

82 1422 179 1466 aereo
213 1398 322 1485 lapide
354 1400 594 1483 nuncupatum,
628 1396 736 1463 Solem
769 1401 940 1484 crystallo,
972 1400 1100 1465 Lunam

82 1490 274 1572 adamante,
296 1486 435 1552 Martem
460 1488 523 1552 dici
547 1488 607 1551 sub
630 1487 738 1572 lapide
762 1491 911 1572 ematite3
937 1489 993 1553 sed
1016 1487 1099 1552 Mer·

82 1578 194 1645 curius
210 1598 250 1641 ex
265 1576 437 1661 smaragdo
452 1575 643 1659 fuit,Venus
661 1597 739 1641 vero
756 1577 930 1660 sapphiria,
941 1575 1098 1641 Saturnus
1115 1599 1140 1639 15

81 1669 117 1733 in
141 1665 271 1750 ophite,
297 1668 368 1729 tum
396 1665 597 1748 horoscopus
620 1665 782 1750 lygdinus.
826 1665 953 1730 Exinde
977 1665 1099 1729 mirans

83 1754 258 1839 Olympias
277 1753 403 1838 pinacis
425 1754 513 1818 illius
532 1754 731 1837 opulentiam
751 1754 981 1838 stellarumque
1005 1754 1100 1818 mira·

82 1845 186 1911 bilem
200 1842 396 1908 varietatem
409 1845 542 1927 propter
557 1843 713 1907 sessitans
727 1842 819 1906 iubet
834 1864 927 1906 omne
941 1843 1100 1907 facessere

81 1931 304 2016 famulitium,
340 1929 396 2015 qui
433 1931 568 1996 aderant
604 1931 668 1996 sibi
704 1953 742 1994 ex
775 1931 956 1995 ministerio
988 1931 1100 2017 regali,

82 2028 120 2087 ut
141 2041 297 2087 arcanum
319 2039 487 2085 samonem
510 2024 574 2084 tufo
597 2021 806 2098 committeret,
834 2024 867 2083 et
893 2020 954 2084 ait:
983 2018 1026 2085 ‘0
1055 2023 1101 2105 tu,
1115 2041 1141 2081 so

84 2131 219 2196 quaeso,
243 2108 369 2173 intuere
393 2129 499 2172 meam
522 2112 555 2172 et
572 2107 718 2192 Philippi
742 2108 1002 2192 congruentiam
1025 2131 1102 2174 nam

84 2200 193 2264 multa
214 2197 305 2262 fama
328 2202 391 2279 est,
414 2196 513 2281 quod,
536 2197 564 2261 si
587 2196 728 2261 adfuerit
750 2219 788 2262 ex
811 2198 953 2281 hostico,
977 2199 1102 2264 abiecta

84 2310 137 2352 me
160 2286 244 2353 velit
266 2286 301 2349 in
325 2285 461 2350 alteram
479 2284 699 2371 transiugari.'
740 2285 793 2351 Ad
811 2287 892 2352 haec
909 2286 980 2353 illex
1005 2286 1103 2363 ‘Quin

85 2398 164 2460 ergo
185 2375 340 2458 deprome
358 2374 410 2437 vel
428 2375 518 2438 tuam
537 2374 589 2438 vel
607 2372 751 2459 Philippi
770 2375 976 2459 genituram?
1010 2375 1102 2451 Quod

84 2487 161 2530 cum
179 2463 240 2527 illa
257 2462 397 2546 fecisset,
419 2460 629 2527 Nectanabus
654 2464 766 2528 statim
785 2485 876 2528 suam
897 2486 1023 2550 quoque
1048 2465 1103 2529 ad·
1117 2483 1143 2525 as

85 2555 180 2618 hibet
199 2551 480 2617 constellationem
500 2551 734 2636 exploraturus,
758 2574 799 2616 an
823 2553 881 2617 illa
904 2574 977 2619 cum
996 2553 1104 2638 Olym-

85 2642 196 2729 piadis
206 2640 358 2725 genitura
372 2640 558 2704 conveniret
571 2641 813 2725 voluntatisque
823 2641 991 2725 potiretur.
1011 2640 1105 2717 Quod

86 2753 160 2797 cum
185 2728 257 2794 fore
281 2728 554 2813 deprehendisset,
576 2728 653 2794 hinc
676 2751 770 2794 orsus
795 2734 858 2795 est:
882 2729 974 2796 ‘Non
997 2729 1104 2815 rana,'

86 2819 208 2904 inquit,
232 2816 313 2881 ‘ista
336 2816 376 2881 ad
399 2819 432 2881 te
454 2816 544 2881 fama
566 2819 726 2902 persenit,
754 2819 810 2882 sed
833 2819 921 2884 enim
943 2841 1020 2884 vera
1043 2823 1100 2883 cst.

86 2909 160 2993 Ego
190 2911 304 2970 tamen
331 2927 369 2970 ae
397 2904 426 2969 si
453 2906 630 2989 prophetes
661 2929 700 2972 ex
726 2905 879 2992 Aegypto
909 2907 1104 2991 opitulabor,
1118 2923 1144 2965 ao

177 3111 487 3170 6nominaberunt1.
561 3119 577 3168 t
601 3130 671 3184 opus
694 3117 801 3172 addidi.
874 3121 889 3168 9
914 3114 1054 3169 bariatum
1076 3120 1103 3167 Τ.

88 3188 152 3242 sui?
172 3192 245 3243 suo?
264 3191 292 3238 ’.1.
337 3189 369 3238 11
389 3199 458 3252 quas
477 3187 590 3253 rogaret
607 3189 714 3256 scripsi.
744 3186 914 3255 quae...ret
931 3191 958 3238 ’1.
986 3185 1105 3254 quiaque

87 3260 142 3326 sere
160 3260 271 3314 litterar
289 3257 373 3324 apae
391 3271 448 3310 aon
461 3261 593 3324 poteram.
686 3263 719 3311 13
738 3272 801 3311 ereo
820 3261 847 3309 1.
940 3254 1104 3310 realiter.

87 3329 222 3400 lygdinus
241 3327 322 3397 Epir.
349 3326 443 3395 lignus
461 3331 489 3381 1.
582 3332 614 3382 18
632 3327 778 3384 facessere.
798 3326 833 3392 cf.
853 3324 928 3394 Serp.
948 3324 1104 3396 Explaoot.

90 3396 685 3468 anona.11(1ce.n.rvp.5rr).
741 3403 773 3451 19
792 3399 825 3450 ut
843 3412 1106 3452 arcanum—com·

89 3473 215 3529 mitteret
238 3485 290 3526 om.
314 3474 359 3535 1.,
453 3467 506 3524 leci
528 3486 562 3524 ee
586 3469 682 3525 Codice
707 3467 869 3536 anaieasi,
891 3471 1002 3524 umore
1025 3467 1105 3524 Vua·

90 3559 197 3600 mano.
235 3542 289 3612 (Ia
306 3538 367 3595 Iul.
417 3539 454 3594 ul.
472 3537 576 3596 Adae.
594 3541 666 3609 eut.)

911 3626 949 3685 1*
