2362 3938
114 198 178 266 602
307 213 649 251 oou1r11vuernu1naaau.
669 195 768 249 XXIII.
789 201 866 249 4-9.

176 343 205 406 4.
229 337 373 400 ¹lrritum²
395 342 426 398 dr
446 350 651 413 testamentum,
674 345 697 399 si
713 351 832 400 testator
851 343 938 416 capite
954 340 1061 398 dimiuu·

113 439 157 485 tus
173 429 271 498 suerit,
293 436 340 484 aut
355 429 377 483 si
392 429 451 484 iure
467 428 538 484 lacto
560 435 722 484 testamento
744 443 822 483 nemo
843 427 964 482 extiterit
976 427 1066 485 heres.

177 510 206 570 5.
229 506 278 568 ²st
293 514 325 583 is,
349 513 396 585 qui
411 519 601 567 testamentum
623 511 700 582 tecit,
723 509 755 566 ab
770 509 895 567 hostibus
911 518 1006 584 captus
1022 513 1067 582 sit,

114 604 304 654 testamentum
320 597 377 651 eius
394 595 481 667 ualet,
497 596 519 650 si
536 594 642 667 quidem
657 611 784 651 reuersus
800 595 895 664 luerit,
918 595 979 649 iure
994 603 1068 668 post·

114 682 222 754 limiuii3
239 681 262 736 sl
277 695 344 736 uero
360 678 397 735 ihi
413 679 568 749 decesserit,
593 677 699 753 exlege
715 677 848 749 Cornelia,
869 693 941 751 quae
957 678 1067 751 perinde

114 766 313 822 successionem
328 764 386 819 eius
398 762 549 834 confirmat,
564 771 645 835 atque
660 765 682 818 si
697 763 726 820 iu
737 764 846 819 ciuitate
861 762 1032 819 decessisset.

181 844 210 906 6.
232 841 280 904 ³Si
299 855 402 920 septem
424 849 509 921 siguis
529 847 637 902 testium
658 847 794 921 signatum
813 848 849 903 sit
868 853 1067 919 testamentum,

12 926 107 976 199b⁰t
121 932 185 990 lieet
199 935 256 988 iure
271 931 343 988 ciuili
358 937 467 1004 ruptum
484 931 528 987 uel
543 931 647 986 irritum
659 925 767 1008 tacitum
779 930 825 1001 sit,
840 938 949 1004 praetor
960 931 1068 1003 scriptis

69 1050 94 1099 ς
114 1016 259 1074 heredibus
274 1016 349 1070 iuxta
365 1013 468 1070 tabulas
480 1013 612 1070 bonorum
628 1016 829 1088 possessionem
845 1014 900 1084 dat,
916 1015 939 1068 si
954 1021 1069 1070 testator
1091 1055 1098 1063 .

114 1110 142 1156 et
163 1101 228 1156 ciuis
250 1098 385 1154 Romanus
407 1108 436 1154 et
457 1114 522 1153 suae
543 1100 701 1171 potestatis,
724 1114 785 1155 oum
808 1106 977 1167 moreretur,
1001 1098 1067 1166 luit;

114 1199 193 1258 quam
208 1182 345 1239 bonorum
360 1184 560 1255 possessiouem
576 1198 635 1238 oum
651 1199 696 1253 re,
718 1181 745 1238 id
761 1190 803 1238 est
817 1197 878 1238 cum
894 1181 1003 1251 ellectu,
1018 1182 1070 1238 ha-

113 1266 190 1338 bent,
206 1267 228 1322 si
244 1281 323 1322 nemo
339 1266 409 1321 alius
424 1268 482 1322 iure
498 1266 576 1321 heres
591 1267 636 1323 sit.

176 1346 203 1406 7.
220 1342 337 1404 4Liberis
352 1347 525 1423 impuberibus
542 1350 569 1403 iu
585 1357 719 1421 potestate
734 1347 914 1418 manentibus,
931 1355 984 1404 tam
1000 1349 1069 1404 uatis

114 1450 193 1507 quam
209 1433 358 1507 postumis,
374 1432 489 1489 heredes
505 1430 670 1488 substituere
690 1441 817 1506 pareutes
837 1440 955 1506 possunt
966 1431 1068 1506 duplici

114 1518 206 1587 modo,
222 1516 248 1572 id
265 1526 307 1572 est
321 1524 367 1572 aut
383 1532 426 1588 eo,
447 1532 502 1590 quo
518 1517 660 1586 extraneis,
678 1524 718 1588 ut,
737 1518 759 1572 si
775 1516 888 1572 heredes
903 1532 959 1571 non
975 1518 1069 1571 extite-

114 1602 169 1656 rint
186 1600 279 1671 liberi,
301 1598 466 1656 substitutus
485 1600 566 1656 heres
582 1597 642 1669 liat;
664 1608 711 1655 aut
731 1601 843 1673 proprio
865 1601 939 1670 iure,
961 1599 1069 1671 idest,

113 1677 191 1762 (κοῦ
211 1686 234 1740 si
248 1691 312 1757 post
326 1692 441 1740 mortem
457 1685 575 1757 parentis
598 1683 711 1740 heredes
735 1684 798 1740 iacti
815 1685 885 1739 iutra
899 1683 1070 1757 pubertatem

113 1768 297 1840 decesserint,
325 1768 491 1825 substitutus
512 1769 591 1824 heres
614 1766 669 1826 fiat.
718 1766 747 1826 8.
776 1760 877 1823 6littam
901 1765 1069 1823 exheredatis

117 1850 179 1909 liliis
196 1851 361 1910 substituere
375 1853 533 1927 parentibus
555 1852 627 1913 licet.
670 1851 700 1912 9.
724 1844 887 1922 ’Quamuis,⁷
915 1867 970 1907 nou
993 1849 1070 1905 aliter

114 1931 268 2012 ’(ίαηιεη)8
295 1936 419 2012 impuberi
448 1937 503 1993 filio
531 1937 695 1993 substituere
722 1938 782 2008 quis
810 1935 939 1990 heredem
967 1940 1108 2008 potestte<

116 2038 196 2094 quam
212 2024 234 2076 si
250 2015 320 2077 sibit
340 2020 466 2077 heredem
481 2021 629 2074 instituerit
645 2019 688 2074 ucl
704 2020 791 2090 ipsum
812 2017 895 2073 tilium
916 2017 960 2072 uel
977 2034 1071 2090 quem·

116 2103 179 2159 libet
196 2103 286 2158 alium.

118 2224 329 2240 ...-..--—

189 2282 208 2349 1)
225 2285 262 2348 Cf.
281 2283 337 2334 Gai.
353 2294 374 2341 e,
389 2295 511 2334 tat-rto.
563 2281 585 2347 i)
598 2282 636 2346 Cf.
648 2281 799 2341 Portae.
818 2283 842 2343 §-
852 2293 872 2333 8.
888 2283 911 2343 ἓ.
922 2292 942 2333 o.
962 2282 984 2334 I.
1000 2285 1069 2348 quib.

115 2375 141 2408 n.
155 2372 177 2406 e.
188 2371 269 2419 pern.
286 2355 316 2417 (2,
331 2353 376 2419 ra).
429 2349 449 2417 8)
466 2354 504 2416 Of.
522 2353 578 2403 Gai.
593 2364 613 2412 a,
624 2364 670 2404 no.
682 2365 729 2403 147.
744 2353 817 2416 infra
831 2363 865 2411 ns,
879 2365 900 2404 a.
911 2364 945 2404 ιε.
992 2351 1014 2420 ⁴)
1031 2356 1069 2418 Of.

118 2427 175 2478 Gai.
191 2438 211 2486 2,
226 2437 272 2478 tto.
288 2437 333 2476 188.
364 2423 425 2474 Noli
433 2431 537 2488 putare,
552 2425 618 2475 bana
633 2425 766 2473 materiam
779 2425 807 2472 in
827 2423 885 2472 Vat.
900 2425 984 2473 sedem
998 2440 1071 2475 suam

116 2505 239 2553 mutasse,-
262 2495 386 2558 Ulpianus
401 2498 558 2558 pupillarem
576 2494 790 2554 substitutionem,
809 2511 859 2559 qua
878 2496 976 2558 duplex
994 2503 1070 2546 testa-

116 2575 224 2619 mentum
235 2568 296 2630 fieri
310 2567 423 2624 uidetur,
440 2569 507 2616 inter
522 2568 664 2632 priuilegia
678 2567 870 2616 testamentaria
885 2568 986 2626 retulit,
1005 2582 1070 2630 quae

115 2647 187 2702 apte,
207 2639 311 2703 culpari
328 2643 535 2687 testamentorum
553 2640 611 2687 iure
629 2636 759 2698 absoluto,
778 2638 947 2688 adiiciuntur.
1008 2634 1071 2703 ⁵)ia

117 2709 162 2774 (=
184 2709 258 2767 idem,
281 2707 349 2770 quod
371 2709 470 2769 sactum
491 2715 549 2756 erat
569 2724 603 2757 eac
623 2700 688 2757 idem'
707 2723 759 2771 pro
781 2708 857 2775 ideut)
887 2708 945 2758 Vnt.
967 2707 1015 2774 Bp.
1037 2721 1071 2756 ear

116 2779 223 2828 Laetam.
238 2780 270 2842 ej.
288 2775 338 2826 ‘nt'
354 2779 480 2840 suppleuit
494 2785 585 2842 postea
604 2786 664 2829 ante
683 2779 838 2838 substitutus,
857 2787 949 2830 eontra
968 2779 1072 2842 Ulpiani

115 2851 210 2899 stilum.
275 2844 296 2915 ⁶)
314 2848 351 2911 Cf.
374 2849 430 2898 Gai.
450 2859 475 2906 t,
496 2861 542 2900 182.
607 2847 627 2914 I)
651 2849 711 2898 Tam
729 2851 872 2899 institutum
891 2866 966 2914 quam
984 2852 1070 2899 alium.

117 2920 163 2970 Sic
178 2921 361 2982 explicandum
375 2928 399 2969 et
413 2920 474 2969 truie
488 2934 533 2969 suo
549 2922 605 2970 toea
620 2921 805 2970 restituendum
819 2927 877 2969 erat
889 2936 912 2968 u.
928 2920 989 2984 quis,
1005 2919 1073 2984 quod

123 2991 181 3041 Vat.
197 2993 265 3040 inter
281 2991 327 3039 sibi
341 2997 365 3040 et
379 2992 492 3040 heredem
506 2990 595 3048 barbet,⁸
614 2998 724 3056 apparet
742 2992 819 3048 enirn,
844 2989 978 3053 Ulpianum
996 2991 1036 3050 ἐξ.
1051 3001 1071 3039 8.

117 3069 143 3110 et
156 3074 176 3114 o.
188 3077 239 3125 pro
254 3076 323 3111 more
337 3077 383 3111 suo
400 3063 444 3127 (ef.
460 3075 493 3120 11,
509 3073 542 3113 15.
558 3060 601 3126 ro.)
617 3069 642 3111 et
651 3061 763 3125 perinde
778 3076 809 3109 ao
824 3060 994 3109 Modestinum
1008 3057 1039 3104 L.
1050 3069 1070 3106 1.

118 3134 158 3193 ἐξ.
174 3145 194 3182 2.
210 3144 229 3183 a.
253 3133 285 3180 D.
301 3133 333 3181 de
347 3135 414 3197 vulp.
434 3141 458 3182 et
472 3149 535 3196 pup.
555 3133 632 3181 sudst.
653 3131 701 3196 (ea,
716 3130 738 3195 a)
757 3131 867 3177 manime
885 3142 962 3191 apere
984 3125 1070 3182 detis,

118 3201 218 3263 quibus,
233 3209 258 3250 et
271 3203 303 3251 de
317 3219 359 3261 ea,
376 3218 446 3267 quem
461 3205 517 3265 quis
531 3202 684 3250 substituere
698 3199 793 3263 possit,
809 3198 852 3244 eui
866 3195 1010 3258 quaestioni
1023 3192 1071 3241 hoo

117 3277 216 3318 tantum
229 3272 402 3337 subiunpr'tur,
418 3272 486 3335 quod
498 3270 549 3318 sibi
563 3273 614 3332 ipsi
627 3274 743 3332 oporteat
752 3264 869 3313 heredem
879 3264 1028 3319 instituerit,
1044 3269 1072 3310 ut

116 3336 264 3388 substitutio
279 3345 371 3391 valeat.
436 3337 457 3405 8)
472 3338 538 3387 Eius
556 3346 617 3387 nota
635 3346 668 3385 tm
682 3336 712 3386 ob
727 3335 827 3383 uicinas
848 3333 948 3380 litteras
962 3332 1070 3390 excidit,

117 3421 174 3456 eum
188 3409 313 3468 seriptum
328 3418 393 3460 esset
406 3411 455 3458 alit.
466 3408 582 3470 inpuberi.
608 3407 720 3457 Possunt
729 3416 789 3452 uero
799 3408 823 3450 et
832 3400 895 3450 leaeo
906 3402 997 3449 luxata
1008 3417 1070 3460 esse,

119 3483 207 3525 utnon
222 3477 292 3524 aliter
306 3484 383 3526 tamen
403 3477 575 3541 reponendum
588 3477 623 3524 sit
637 3483 696 3523 ante
710 3487 779 3537 quam
793 3472 821 3519 si.
887 3466 908 3536 9)
923 3470 995 3521 Loco
1010 3473 1070 3536 quis,

118 3547 188 3611 quod
201 3546 224 3595 lt.
241 3548 257 3597 l.
273 3547 365 3594 inserit
383 3547 450 3606 Vat,
465 3547 531 3609 prius
546 3544 585 3593 ed.
601 3543 648 3608 Bp.
664 3560 698 3592 ero
712 3541 816 3592 Lachm.
833 3543 866 3604 ej.
