2362 3938
103 212 147 279 70
444 206 476 264 O.
494 206 632 264 votnm
650 202 781 262 rnaoct

148 361 228 423 llaec
250 358 304 421 ubi
326 376 388 419 non
409 356 469 418 ulla
487 358 613 418 iuuenes
635 353 793 416 tormidine
814 356 890 415 moti

103 451 266 531 accipiunt,
289 444 370 508 dolet
392 454 435 529 et,
459 445 569 506 durent
592 446 618 507 sl
638 460 766 524 pergere
789 450 898 523 mente,
1073 453 1121 525 111

104 548 188 619 terga
210 538 297 618 sequi
319 550 524 616 properosque
546 531 630 595 iubet
652 534 835 611 conbingere
857 548 990 610 gressus.

103 627 192 689 litore
215 629 246 688 in
268 633 403 687 extremo
425 622 569 703 spelunca
591 623 727 703 apperuit
748 622 863 700 ingens,

104 715 262 778 arboribus
285 730 376 793 super
399 721 429 774 et
452 711 542 774 (lonso
565 717 702 773 contecta
724 710 859 790 minanti,

105 822 167 866 non
190 818 266 884 quae
288 801 366 863 dona
388 800 450 882 die,
473 817 533 861 non
557 816 632 878 qnae
655 798 754 859 trabat
775 797 905 858 aetberis
928 799 1045 879 ignem3

105 892 209 954 infelix
231 891 337 952 domus
360 895 391 950 et
413 891 514 950 sonitu
537 886 726 950 tremibunda
748 885 897 966 profundi.
1071 894 1121 948 tto

107 989 137 1042 at
159 981 236 1041 uarii
258 998 314 1059 pro
336 996 412 1059 rupe
436 985 547 1039 metus:
569 976 618 1037 bic
641 985 747 1037 trunca
769 975 875 1036 rotatis

106 1067 228 1131 brachia
250 1075 335 1146 rapta
357 1068 433 1127 uiris
455 1068 621 1145 strictoque
642 1067 793 1125 inmortua
816 1070 918 1124 caestu
1049 1135 1053 1140 ,

107 1174 233 1235 ossaque
256 1163 352 1216 taetra
375 1156 436 1215 situ
458 1161 489 1214 et
511 1155 643 1232 capitum
666 1153 880 1214 maestissimus
901 1150 979 1212 orde·

107 1238 266 1328 (respicias
288 1240 399 1321 quibus
421 1240 548 1302 aduerso
573 1241 629 1303 sub
653 1241 778 1302 uolnere
802 1236 881 1301 nulla

107 1333 166 1392 lam
188 1331 279 1393 iacies
298 1347 355 1391 nec
377 1346 486 1390 nomen
510 1323 603 1413 erat);
626 1329 724 1390 media
746 1331 842 1411 ipsius
865 1346 947 1390 arma
1076 1339 1125 1390 105

108 1435 193 1481 sacra
215 1427 297 1482 metu
320 1420 478 1498 magnique
502 1420 562 1479 eris
584 1420 703 1498 inposta
725 1419 866 1498 parentis.

106 1507 235 1590 bospitis
258 1509 307 1569 hie
330 1510 462 1587 primum
483 1509 615 1569 monitus
637 1506 758 1569 rediere
780 1505 943 1588 Dymantis,

108 1606 138 1658 et
160 1615 255 1677 pauor
278 1605 309 1659 et
330 1597 457 1658 monstri
479 1595 572 1659 sublit
594 1595 725 1658 absentis
748 1597 854 1676 imago,

108 1694 198 1764 atque
222 1686 324 1747 oculos
347 1687 450 1748 cuncti
470 1688 551 1747 inter
574 1703 606 1746 se
628 1691 755 1746 temnere
779 1683 911 1764 silentes,

108 1773 204 1834 donec
227 1775 344 1835 sidereo
367 1774 472 1835 Pollux
493 1775 651 1835 interritus
673 1790 726 1834 ore
1076 1782 1127 1834 teo

109 1857 151 1922 ‘te
174 1869 273 1924 tamen
296 1863 569 1945 tem-quicumque
593 1856 647 1944 es,'
671 1864 712 1922 ait
735 1856 904 1921 ‘tormoine
928 1858 997 1921 laxo

109 1951 169 2011 iarn
193 1959 244 2013 tua
268 1952 343 2013 silua
365 1953 455 2033 leret,
478 1952 566 2013 modo
589 1953 650 2012 sint
671 1949 725 2012 tibi
744 1950 864 2028 sengrris
887 1956 918 2010 et
941 1945 1048 2012 artus?

108 2039 247 2102 omnibus
269 2040 349 2102 idern
371 2041 488 2100 animus
511 2041 582 2101 lorti
603 2038 767 2101 decernere
789 2052 898 2118 pugna,

109 2137 309 2209 exoptantque
332 2130 434 2190 uirum
457 2136 620 2208 contraque
640 2144 799 2189 occurrere
822 2135 960 2206 poscunt.

110 2217 238 2296 qualiter
260 2219 369 2297 lgnotls
392 2226 581 2297 spumantem
603 2215 738 2277 binditns
760 2231 877 2276 amnem
1078 2225 1129 2275 tes

107 2391 212 2471 pandit
232 2394 304 2474 iter,
326 2409 396 2454 mox
419 2410 507 2454 omne
528 2409 622 2473 pecus
646 2391 804 2453 formidine
826 2390 911 2471 pulsa

108 2497 187 2558 pone
210 2478 306 2561 subit,
328 2482 446 2558 lamque
469 2489 501 2542 et
522 2480 628 2542 mediis
650 2479 804 2560 praecellit
825 2479 862 2539 ab
883 2479 983 2541 undis.

152 2568 190 2627 At
212 2566 318 2647 procul
340 2585 357 2628 e
379 2567 464 2628 siluis
488 2584 553 2628 sese
571 2568 772 2647 gregibusque
796 2567 911 2629 terebat

109 2673 215 2716 saeuos
238 2656 269 2715 in
292 2663 377 2716 antra
400 2657 511 2734 gigans.
537 2673 629 2734 quem
652 2674 708 2716 nec
731 2674 785 2717 sua
808 2655 895 2717 turba
920 2657 1032 2718 tuendo
1074 2669 1128 2718 eoo

108 2745 132 2804 it
153 2745 236 2804 taciti
259 2759 365 2805 secura
387 2752 494 2806 metus.
537 2742 674 2805 mortaba
695 2761 845 2823 nnsanm

110 2834 194 2912 signa
216 2839 350 2914 manent,
373 2835 467 2895 instar
490 2832 618 2914 scopuli,
642 2835 694 2912 qui
716 2832 870 2894 montibus
893 2831 960 2893 altis

109 2939 244 2984 summus
268 2921 329 2984 abit
351 2921 499 3004 longeque
522 2925 591 3002 iugo
615 2930 674 2984 stat
697 2922 778 2983 solus
802 2921 846 2986 eb,
861 2924 951 2982 omni.

49 3037 51 3041 v
107 3009 229 3072 deuolat
250 3010 319 3072 inde
343 3012 460 3094 lenens,
483 3030 539 3074 nee
562 3029 622 3092 quo
644 3014 694 3074 uia
717 3028 812 3072 cerne
830 3010 959 3090 proiecti

108 3115 164 3158 nee
187 3116 281 3180 genus
304 3107 373 3161 ante
396 3109 493 3184 roget,
516 3101 569 3163 sed
592 3100 643 3163 tali
665 3107 806 3181 protonat
828 3101 885 3160 ire:
1074 3107 1128 3159 115

108 3179 255 3268 incipite,
277 3205 296 3247 o
319 3190 453 3251 iuuenes.
498 3191 610 3251 etenim
632 3189 753 3270 limeis,
776 3187 876 3270 credo,

107 3271 167 3332 buc
190 3274 258 3335 tulit
280 3274 395 3338 aulius
418 3284 450 3338 et
467 3285 574 3357 sponte
597 3276 743 3338 lacessitis
762 3291 843 3338 eras.

107 3360 154 3420 sin
178 3378 281 3422 errore
305 3365 371 3425 uiae
395 3364 524 3426 necdum
542 3382 626 3425 mens
649 3381 740 3443 grum
761 3363 910 3424 locorum:

106 3445 238 3526 Neptuni
261 3467 299 3509 en
322 3451 429 3513 domus
452 3452 548 3533 adque
569 3459 689 3530 egomet
710 3444 990 3528 Neptmlu'prcles.

102 3533 154 3599 bic
176 3535 250 3598 mibi
272 3535 321 3597 lex
344 3546 462 3600 caestus
485 3538 670 3617 aduersaque
693 3536 797 3598 tollere
820 3541 926 3594 eontra
1074 3547 1129 3600 tto
