2362 3938
115 211 158 277 84
539 205 650 262 urana
668 208 701 262 11.

114 370 270 437 armanda
298 373 370 436 tum
400 368 537 454 Bactra,
569 368 667 434 Indos
701 370 801 434 etiam
832 372 866 433 et
895 367 1131 436 Samiramidos

114 480 217 545 regna
238 459 400 543 censebat,
423 479 599 542 omnesque
618 462 747 523 centum
771 462 803 523 et
821 459 991 543 octoginta
1010 464 1131 544 gentes,

115 570 195 634 quas
214 549 278 614 sibi
297 548 445 614 subditas
464 547 570 630 sciret,
589 545 629 610 ad
648 546 875 612 commilitium
890 548 1078 624 exercitare,
1095 552 1131 612 ut

113 638 143 704 si
166 637 306 704 nihilum
335 638 488 722 amplius,
516 637 602 700 certe
625 635 677 699 vel
706 635 883 700 ostentatio
911 636 1130 701 multitudinis

89 730 240 793 sterrore
271 726 409 811 quodam
438 723 634 789 Graecorum
664 724 781 788 animis
810 725 992 789 obsisteret.
1042 724 1131 791 Haec

115 816 276 882 sententia
298 815 448 899 placebat
473 812 602 898 quidem
625 812 797 877 admodum
821 813 905 898 regi,
928 817 961 877 et
986 813 1130 899 adstipu-

49 972 57 987 ,
115 904 270 970 labantur
300 903 400 968 etiam
430 901 577 986 plerique
605 904 806 986 praesentes,
836 902 900 966 nisi
928 903 1015 986 quod
1046 903 1131 987 apud

115 1014 169 1057 eos
204 1013 305 1057 unum
337 1010 406 1056 esse
438 1010 515 1073 prae
554 990 669 1054 ceteris
701 990 824 1055 viribus
857 1012 957 1074 penes
990 990 1130 1056 Graecos

114 1080 300 1163 constabat,
322 1078 407 1162 quod
430 1078 504 1162 plus
528 1078 699 1160 prudentia
722 1079 841 1144 mentis
866 1101 963 1163 quam
982 1081 1131 1149 ,valentia

74 1190 101 1231 ro
115 1188 286 1252 corporum
305 1169 449 1250 possent.
485 1165 575 1251 Ergo
599 1166 775 1232 secundum
797 1167 878 1233 haec
897 1167 1016 1232 Darius
1039 1169 1131 1233 iubat

114 1276 244 1320 omnem
266 1255 408 1338 undique
432 1258 592 1319 armatam
616 1255 859 1320 multitudinem
883 1257 1063 1321 convenire.

204 1341 262 1411 24.
281 1342 466 1408 Alexander
479 1344 633 1412 veroiter
646 1365 703 1427 per
715 1341 863 1409 Ciliciam
878 1366 987 1431 agens,
1002 1367 1076 1410 cum
1112 1351 1152 1405 VI

113 1432 254 1497 multum
277 1432 376 1516 spatii
400 1432 460 1496 sub
479 1432 603 1496 aestivo
627 1433 697 1496 sole
718 1432 818 1497 armis
839 1437 973 1498 onustus
992 1434 1128 1517 pedibus
1148 1438 1179 1489 31

114 1521 282 1606 exegisset,
304 1520 389 1585 forte
408 1517 568 1604 Cydnum,
590 1520 677 1584 haud
700 1520 850 1604 cuiquam
874 1523 1050 1587 secundum
1073 1524 1129 1587 flu·

75 1633 101 1674 1⁶
115 1631 192 1676 men
213 1609 267 1674 vel
290 1608 514 1693 magnitudine
537 1609 590 1674 vel
613 1610 776 1693 perspicui
799 1611 940 1694 agminis
963 1611 1065 1676 nimio
1088 1614 1129 1675 ri-

114 1719 209 1784 gore,
239 1719 312 1763 cum
341 1700 442 1782 ponte
472 1698 628 1764 transiret
657 1698 836 1763 delectatus
869 1699 937 1764 eius
969 1699 1131 1764 evidentia

113 1787 237 1869 pariter
266 1790 300 1852 et
328 1785 568 1870 magnitudine,
605 1808 670 1851 una
707 1809 780 1852 cum
813 1788 912 1852 armis
946 1807 1009 1852 sese
1038 1810 1130 1871 prae-

114 1873 230 1958 cipitat
258 1896 275 1938 e
304 1878 404 1958 ponte
433 1897 470 1939 ac
497 1874 705 1941 nutabundus
734 1875 809 1941 exit.
856 1873 918 1940 Sed
946 1876 980 1940 id
1007 1875 1131 1941 factum

115 1961 246 2027 etiamsi
269 1962 299 2026 ei
323 1962 364 2027 ad
386 1963 611 2028 testimouium
634 1963 835 2028 fortitudinis
853 1964 1032 2046 plurimum
1056 1986 1130 2030 oon-

25 2052 29 2059 '
56 2067 101 2116 ‚ao
115 2051 198 2133 tulit,
212 2051 432 2116 valetudinem
447 2055 560 2117 tamen
574 2050 830 2116 discriminosius
845 2052 978 2116 viserat.
1002 2051 1130 2138 Quippe

114 2139 238 2204 calente
263 2139 362 2205 etiam
386 2144 465 2205 tunc
490 2143 523 2204 et
545 2138 681 2204 sudante
704 2159 840 2222 corpore
858 2139 1002 2204 incidens
1026 2162 1130 2222 aquae

112 2226 200 2291 illius
233 2227 473 2293 vehementiam
504 2227 556 2293 vel
587 2227 728 2311 rigorem
766 2228 893 2289 tantam
929 2225 1037 2289 nervis
1079 2227 1129 2289 in-

112 2315 229 2379 iuriam
257 2316 498 2399 perniciemque
524 2313 714 2395 tradiderat,
744 2316 781 2377 ut
803 2312 950 2397 ¹undique
977 2314 1128 2396 protinus

113 2402 280 2469 doloribus
311 2402 579 2468 concurrentibus
612 2401 718 2466 morbi
747 2421 845 2465 causa
875 2405 1044 2468 contracta
1074 2404 1129 2469 vin

74 2509 101 2552 25
116 2491 285 2576 expiabilia
308 2490 480 2556 videretur.
519 2489 624 2566 Quare
647 2509 721 2552 cum
738 2491 869 2572 tempus
887 2490 1064 2574 plurimum
1082 2494 1128 2558 la-

114 2581 245 2646 beretur
268 2599 371 2663 neque
396 2577 600 2642 medentibus
625 2576 735 2642 sedulo
759 2578 885 2644 curatio
909 2580 967 2644 illa
991 2584 1129 2665 pareret,

113 2668 284 2751 Philippus
302 2667 430 2749 quidam
453 2665 597 2747 nomine,
622 2664 725 2730 sciens
750 2667 831 2731 artis
855 2667 1000 2734 eiusdem
1024 2673 1057 2733 et
1082 2691 1128 2734 se-

114 2757 249 2822 dulitate
273 2755 516 2838 acceptissimus
539 2752 619 2837 regi,
642 2754 772 2819 conficit
789 2758 953 2840 poculum,
976 2757 1061 2840 quod
1081 2758 1128 2820 di-

204 2935 218 2983 1
239 2927 367 2984 armandi
376 2927 409 2982 P.
429 2924 617 2981 Sarammidos
626 2926 663 2980 A.
683 2928 919 2984 semiramidosP.
938 2929 1125 2984 correx.Mai.

114 3008 131 3056 3
150 3000 302 3056 exercitare
320 3001 356 3054 A.
381 3015 431 3054 om.
446 2998 479 3052 P.
503 2996 623 3051 excitare
637 2996 739 3053 Eberh.
777 3003 793 3052 5
812 2999 923 3053 animus
941 2997 1076 3052 obsistere
1090 3000 1126 3055 A.

114 3072 210 3144 trogi
229 3072 263 3125 P.
289 3069 374 3140 regiis
393 3070 429 3123 A.
502 3073 518 3121 'l
537 3066 613 3135 apud
630 3083 678 3122 eos
696 3069 730 3122 P.
759 3085 806 3124 eos
825 3070 862 3123 A.

119 3193 122 3200 .
203 3141 254 3197 24.
283 3146 315 3195 13
334 3139 434 3209 spatiis
448 3139 483 3191 A.
520 3136 637 3190 onustus
651 3137 774 3206 peditem
794 3155 873 3192 suum
891 3140 924 3193 ut
942 3137 968 3190 ei
986 3155 1047 3192 mos
1067 3143 1128 3195 erat

113 3213 176 3337 {¹3⁸⁰
196 3212 316 3336 ,ruppe
341 3206 912 3346 lilla.etttttttlttttm
933 3208 1127 3336 ilidii

143 3299 235 3338 ansrre
293 3325 299 3336 .
417 3297 460 3334 ss
727 3319 733 3331 .
861 3319 867 3331 .
1065 3322 1071 3335 ,
1121 3324 1126 3335 ,

115 3359 149 3407 19
168 3354 195 3408 ei
219 3352 254 3408 P.
282 3352 341 3406 eins
364 3351 401 3406 A.
476 3355 510 3403 23
529 3345 668 3415 pernitiae
691 3362 762 3415 qnae
784 3347 820 3401 A.
894 3352 929 3401 26
948 3349 1127 3405 medentibus

115 3425 190 3480 Mai.
218 3423 358 3479 mentibus
377 3420 450 3477 AP.
527 3423 559 3473 27
579 3416 694 3485 quidam
713 3417 780 3471 Mai
797 3417 934 3487 supplevit
951 3434 985 3473 aa
1002 3420 1126 3489 Epitom.

114 3494 184 3549 artis
209 3496 282 3550 Mai.
315 3496 406 3548 artem
430 3491 512 3549 Godd.
550 3487 730 3542 sedulitatem
752 3488 788 3541 A.
869 3492 904 3542 28
934 3488 1031 3544 Verbis
1051 3493 1127 3562 ‘regi

114 3564 243 3620 conficit'
272 3565 371 3632 finitur
397 3561 540 3632 quaternio
567 3563 682 3628 quartae
707 3559 739 3613 ia
763 3556 815 3626 A.;
842 3560 986 3628 quaternio
1012 3565 1127 3631 quintas
