2362 3938
162 179 224 244 63⁴2
463 195 601 232 arruuara
620 195 813 232 coanumonvn.

160 322 236 374 teres
255 320 453 388 cognationum
476 319 579 387 gradus
600 317 694 372 verbis
716 333 856 386 exponere
879 316 925 369 vel
945 315 1118 384 imaginibus

160 386 303 439 illustrare
321 403 444 454 unquam
464 386 539 440 soliti
557 386 630 438 sunt.
667 385 772 452 Legem
795 399 862 437 vero
883 383 962 436 illam
986 382 1116 436 ecelesia-

161 453 261 506 sticam
279 456 378 507 oetavo
396 454 511 506 demum
528 451 621 505 seculo
639 452 668 504 in
686 467 772 518 regno
785 450 954 503 Franoonico
966 449 1116 503 invaluisse

160 522 260 572 notum
278 521 330 587 est,
347 520 421 573 unde
439 536 490 572 nee
503 521 621 571 stemma
633 518 720 585 priori
733 517 853 584 tempori
866 517 1002 585 assignari
1013 518 1117 592 potest.

163 585 219 640 Sed
237 587 261 641 si
279 603 313 640 ea
331 587 365 641 de
384 602 469 640 eausa
486 586 567 638 nobis
584 584 614 636 id
633 583 819 636 omittendum
836 583 1117 648 fuii‚nonet1amab

162 653 196 706 iia
213 654 320 723 negligi
337 653 436 720 velim,
459 653 508 720 qui
531 651 565 704 de
588 650 725 718 graduum
749 651 959 718 computatione
983 651 1120 702 canoniea

163 721 333 841 scrutandum
360 720 390 773 in
415 736 498 788 quam
525 734 584 770 rem
606 717 636 768 id
658 717 753 784 magni
775 717 910 769 momenti
934 732 1005 782 esse,
1033 734 1120 771 nemo

162 803 219 841 non
236 788 265 841 vi
286 790 322 844 eb.

533 909 745 916 ———

178 1034 428 1092 auuortrtouus
451 1033 600 1091 curritur
624 1034 665 1088 tu
688 1032 824 1090 STEMMA
846 1029 1095 1091 uouut'rtouvu.

237 1181 256 1251 1)
270 1185 350 1234 fratris
364 1191 404 1234 aut
418 1185 509 1233 sororis
523 1185 586 1233 filius
601 1192 641 1234 aut
655 1185 702 1233 filia
716 1184 780 1234 Isid.
795 1184 853 1233 edd.
919 1178 940 1248 ²)
954 1182 996 1232 Ita
1012 1183 1120 1233 Cautius

163 1263 188 1305 et
200 1255 299 1305 Isidori
313 1257 370 1306 edd.
380 1257 529 1319 pleraeque.
561 1254 617 1305 Otto
632 1263 714 1304 tamen
729 1271 763 1305 ese
772 1254 881 1303 Areuali
891 1254 930 1303 ed.
945 1260 977 1313 et,
993 1261 1020 1302 ut
1033 1256 1118 1317 suspi-

163 1340 218 1383 cor,
233 1329 265 1388 ej.
281 1327 308 1374 in
322 1327 371 1375 iac
385 1327 470 1375 loculo
484 1326 570 1374 dedit:
583 1334 681 1389 patruus
696 1340 803 1388 magnus,
817 1325 889 1373 amita
902 1338 995 1386 magna,
1011 1339 1118 1373 auuncu-

163 1396 200 1445 lus
214 1410 321 1457 magnus,
336 1402 462 1444 matertera
473 1411 567 1457 magna:
582 1411 647 1460 quae
661 1397 779 1461 sulpuris
788 1403 826 1445 est
835 1395 911 1444 liuius
918 1395 1020 1459 aradus
1030 1398 1118 1457 appel-

163 1468 233 1516 latio.
262 1465 428 1524 Sedetalia,
443 1468 549 1529 quaein
568 1474 721 1531 agnatorum
734 1467 870 1529 personis,
889 1480 954 1529 quae
968 1468 1119 1528 parentium

164 1538 220 1586 loeo
235 1544 302 1593 suat,
317 1537 432 1594 eundem,
447 1538 491 1600 qui
505 1537 532 1584 in
542 1536 696 1599 parentibus
710 1537 823 1585 traditus
837 1543 907 1594 erat,
922 1550 1015 1584 morem
1029 1535 1117 1584 obser-

163 1606 247 1664 uabat,
262 1607 393 1656 exstitisse
403 1621 515 1669 euinque,
530 1614 557 1655 ut
566 1615 697 1670 sequentes
706 1607 784 1655 buius
791 1607 896 1671 perieris
907 1606 1009 1670 gradus
1023 1612 1118 1654 testan-

164 1684 215 1735 tur,
229 1679 366 1727 stemmatis
379 1677 486 1726 liuiusee
500 1684 593 1726 auctor
606 1684 708 1725 secutus
722 1692 776 1726 esse
790 1678 900 1725 videtur.
948 1672 969 1740 8)
983 1676 1063 1724 fratris
1079 1685 1119 1724 aut

164 1749 255 1796 sororis
270 1748 334 1797 Isid.
349 1747 407 1797 edd.
463 1743 484 1812 4)
499 1745 541 1796 Ita
557 1747 627 1796 Cont.
643 1745 749 1813 (tantum
764 1755 891 1795 matertera
906 1761 951 1794 ma.
962 1760 1014 1808 pro
1030 1753 1119 1794 mater-

164 1825 215 1867 tera
229 1816 329 1883 maior);
344 1824 500 1881 propatruus,
515 1819 644 1879 proamita,
658 1818 846 1880 proaunneuius,
866 1823 1037 1879 promatertera
1052 1814 1118 1864 Isid.

164 1889 222 1938 edd.
246 1887 354 1938 Scilicet
368 1890 418 1937 iam
432 1887 537 1936 librarii
550 1890 708 1950 scripturam
722 1889 825 1952 sulpuri
839 1888 1009 1949 appellationi
1018 1902 1118 1936 aesom-

165 1960 338 2008 modaverant.
403 1955 425 2022 δ)
438 1957 576 2020 propriores
591 1958 654 2006 Isid.
670 1959 709 2006 ed.
728 1956 810 2007 Otlon.
864 1953 884 2018 6)
900 1957 992 2004 sobrini
1006 1957 1120 2005 sobrinae

165 2028 229 2078 Isid.
245 2030 301 2078 edd.
318 2028 453 2090 manifesto
467 2028 538 2076 vitio.
587 2025 606 2092 7)
622 2029 701 2075 fratris
717 2034 740 2075 et
754 2027 844 2075 sororis
859 2027 923 2074 Isid.
935 2026 991 2074 edd.
1041 2023 1062 2090 8)
1077 2026 1119 2075 Ita

166 2099 236 2148 Cant.
253 2099 359 2163 (tantum
374 2104 494 2146 materter.
505 2112 556 2158 pro
571 2097 719 2160 matertera);
735 2097 871 2158 abpatruus,
887 2096 997 2156 abamita,
1012 2096 1120 2144 abauun-

165 2169 240 2229 sulus,
256 2170 412 2216 abmatertera
427 2168 466 2216 ed.
482 2165 545 2216 Isid.
564 2166 646 2216 Otton.
662 2182 696 2215 ex
710 2165 815 2214 Areual.
831 2166 885 2219 ed.;
900 2164 992 2228 ubique
1007 2164 1050 2212 ad·
1065 2181 1119 2226 pro

163 2238 205 2286 ab·
221 2245 329 2287 ceterae.
393 2233 414 2301 9)
429 2244 573 2300 propatruus
587 2237 717 2300 proamitae
737 2234 788 2298 (uel
801 2232 943 2298 proamitae)
961 2236 1119 2296 proauuneuli

164 2308 205 2356 tilii
221 2305 418 2372 (promaterterae
433 2307 494 2356 add.
505 2307 610 2357 Areual.
626 2314 650 2355 et
662 2304 729 2371 Otto)
744 2306 805 2354 tiliae
820 2304 884 2354 Isid.
896 2304 953 2352 edd.
1003 2300 1035 2368 10)
1045 2303 1118 2352 Seri·

160 2379 219 2441 psi:
234 2377 367 2440 Propatrui,
383 2377 522 2429 Proamitae.
547 2376 701 2426 Proauuuculi
715 2390 791 2438 nepos
805 2376 890 2438 neptis.
907 2375 930 2423 id
946 2380 983 2422 est
997 2374 1119 2436 sobrinus,

164 2448 261 2497 sobrina
274 2448 343 2497 Cant.
356 2447 487 2510 propatrui,
497 2449 636 2510 proamitae,
647 2446 801 2511 proauuneuli
811 2461 885 2509 nepos
895 2445 974 2509 neptis
984 2443 1049 2495 Isid.
1060 2446 1118 2494 edd.

168 2514 201 2582 11)
217 2518 368 2566 sobrinarum
383 2524 407 2566 el
421 2517 571 2567 sobrinarum
586 2518 629 2567 tilii
643 2517 681 2566 uel
696 2517 756 2566 filiae
771 2517 835 2570 Isid.
851 2516 909 2566 edd.
989 2511 1023 2581 ¹²)
1039 2516 1120 2564 fratris

165 2594 190 2637 et
203 2588 294 2637 sororis
309 2586 373 2637 Isid.
389 2587 445 2636 edd.
