2362 3938
120 146 185 210 594
344 163 449 199 nourrn
466 163 573 199 ruamur
590 161 688 200 aaron.
707 145 766 198 XX.
782 152 859 199 3-9.

121 294 249 364 alterum,
271 291 386 366 quadiu
401 293 556 365 procinctu,
573 294 699 362 tertium,
720 292 792 366 quod
807 309 856 365 per
871 308 919 349 aes
936 301 964 348 at
978 292 1072 348 libram

120 375 282 450 appellatum
296 375 356 431 'est
400 377 452 431 sed
465 371 533 433 illis¹
555 375 660 434 duobus
681 378 849 432 testamentis
869 376 976 432 abolitis
992 375 1073 432 hodie

120 460 207 518 solum
222 461 250 516 in
265 475 318 515 usu
333 467 384 528 est,
401 459 473 532 quod
489 477 537 534 per
553 476 601 516 aes
617 467 646 516 et
660 459 753 516 libram
770 458 814 531 lit,
836 459 863 515 id
880 468 921 516 εει
936 476 985 533 per
1001 475 1072 515 man·

108 544 282 618 -cipationem
297 544 491 616 imaginariam.
526 546 553 600 in
570 560 623 617 quo
640 542 801 601 testamento
816 542 947 616 libripens
964 543 1071 600 adbibe-

120 636 166 684 tur
187 635 214 683 et
235 627 350 683 familiae
370 635 478 701 emptor
497 636 524 684 et
545 644 599 683 non
621 630 709 684 minus
732 643 810 701 quam
835 629 955 702 quinque
978 635 1073 699 testes,

120 728 181 769 cum
197 710 294 785 quibus
310 712 463 767 testamenti
479 711 558 768 lactlo
574 719 625 766 est·
661 707 692 768 8.
716 704 782 778 2Ουὶ
796 712 823 767 iu
839 713 976 785 potestate
991 718 1073 767 testa·

121 797 187 853 toris
210 803 314 852 estant
334 793 448 850 familiae
469 795 614 868 emptoris,
635 798 715 851 testis
735 800 782 851 ant
802 793 931 868 libripens
952 793 1074 850 adhiberi

119 895 174 937 non
195 887 302 952 potest,
324 879 450 950 quoniam
470 878 585 934 lamiliae
605 879 765 951 mancipatio
784 880 855 934 iuter
871 885 1032 935 testatorem
1046 885 1075 934 et

120 963 234 1018 lamiliue
255 968 409 1034 emptorem
432 959 476 1031 lit,
505 954 550 1017 ct³
577 961 718 1018 domestici
741 968 824 1018 testes
851 960 996 1018 adhibendi
1018 978 1073 1018 non

120 1054 194 1103 sunt.
221 1042 250 1101 4.
273 1043 311 1100 Ob
326 1044 353 1099 iu
367 1038 441 1120 '(et)4
456 1043 511 1101 lilio
526 1038 701 1119 '(samiliae)⁶
721 1045 847 1101 familiam
867 1052 974 1102 emente
997 1053 1074 1120 pater

119 1131 176 1185 eius
199 1131 276 1184 testis
297 1143 356 1183 esse
376 1144 432 1184 non
452 1136 559 1203 potcst3
593 1123 647 1205 [5.]
672 1122 738 1200 (ει)6
761 1146 793 1186 ex
812 1127 918 1185 duobus
935 1128 1073 1201 iratribus,

119 1213 207 1286 quiin
228 1211 349 1267 eiusdem
369 1213 452 1285 patris
473 1219 608 1285 potestate
630 1221 710 1284 sunt,
731 1211 800 1268 alter
821 1211 935 1268 familiae
957 1222 1072 1287 emptor,

119 1295 188 1352 alter
203 1298 280 1351 testis
296 1310 355 1351 csse
371 1312 426 1350 non
447 1302 553 1368 potest,
575 1298 700 1369 quoniam
715 1295 789 1370 quod
809 1312 879 1352 unus
895 1312 928 1351 ea
943 1296 984 1352 his
1000 1312 1072 1353 man·

119 1380 190 1451 cipio
211 1380 322 1452 accipit,
346 1378 462 1452 adquirit
483 1381 568 1452 patri,
591 1381 635 1437 cui
655 1378 725 1435 lilius
748 1396 813 1436 suus
835 1382 913 1435 testis
935 1395 995 1436 esse
1017 1397 1072 1435 uon

119 1462 210 1519 debet.
253 1457 281 1519 6.
304 1460 371 1535 ’(Αι)
387 1455 482 1536 pater⁷
505 1472 533 1520 et
548 1461 662 1537 (filins),
683 1464 772 1536 quiin
793 1469 930 1537 potestate
946 1465 1004 1520 eius
1020 1473 1071 1534 est,

118 1548 183 1604 itam
197 1545 251 1602 duo
267 1546 380 1616 tratres,
402 1549 448 1620 qui
464 1547 492 1602 in
508 1548 629 1603 eiusdem
644 1549 727 1620 patris
742 1554 878 1620 potestate
894 1557 970 1618 sunt,
988 1556 1072 1604 testes

119 1632 244 1704 utrique,
264 1629 308 1685 uel
323 1629 391 1686 alter
407 1635 501 1701 testis,
517 1629 586 1686 alter
602 1630 732 1705 libripens
744 1629 802 1686 lieri
816 1639 946 1705 possunt,
965 1630 1017 1687 alio
1032 1630 1071 1686 la·

120 1714 219 1770 millam
234 1720 355 1783 emente3
372 1717 499 1787 quoniam
510 1715 577 1772 nibil
592 1724 672 1773 uocet
684 1731 716 1772 er
728 1731 780 1772 una
795 1714 976 1789 domoplurcs
987 1722 1071 1771 testes

10 1795 111 1846 tutha
120 1797 207 1855 alieno
235 1800 347 1874 negotio
376 1799 504 1857 adbiberi.
555 1794 583 1856 7.
613 1793 737 1872 8Μιιιιιε,
761 1792 766 1878 l
789 1799 901 1870 surdus,
929 1791 1072 1868 luriosus,9

120 1883 256 1957 pupillus,
284 1883 381 1940 lernina
404 1901 493 1959 neque
518 1884 631 1941 familiae
652 1892 759 1958 emptor
780 1899 856 1952 esse,
883 1898 972 1955 neque
994 1884 1072 1938 testis

120 1967 288 2042 libripensue
316 1966 375 2024 fieri
400 1978 501 2043 potest.
553 1966 584 2024 8.
612 1967 722 2023 Latinus
750 1967 875 2021 lunianus
902 1974 931 2020 et
958 1965 1072 2020 lamiliae

121 2059 227 2122 emptor
249 2060 277 2106 et
300 2055 378 2106 testis
400 2061 428 2107 et
450 2053 578 2124 libripens
600 2048 657 2103 fieri
677 2054 786 2119 potest,
809 2047 935 2117 quoniam
955 2062 1016 2101 cum
1039 2065 1072 2103 co

119 2132 273 2187 testamenti
287 2131 369 2187 tactio
385 2142 436 2188 est.

182 2208 212 2270 9.
237 2205 297 2268 ¹⁰ln
312 2221 492 2284 testamento,
516 2210 587 2285 quod
602 2225 650 2283 per
665 2225 714 2265 aes
729 2216 757 2265 at
771 2207 865 2265 libram
881 2206 925 2274 lit,
943 2209 1011 2267 duae
1025 2229 1072 2269 res

120 2304 249 2371 aguntur,
265 2295 378 2352 familiae
393 2297 552 2369 mancipatio
564 2302 590 2348 et
601 2293 764 2366 nuncupatio
782 2288 971 2350 testamenti¹¹
1000 2313 1071 2353 nun-

119 2387 234 2453 cupatur
263 2386 452 2435 testamentum
481 2381 508 2434 in
536 2378 609 2433 bunc
636 2377 758 2434 modum:
789 2377 891 2434 tabulas
920 2383 1072 2436 testamenti

120 2471 239 2521 testator
254 2471 350 2518 tenens
364 2464 401 2518 ita
416 2462 494 2519 dicit:
516 2477 598 2520 flauo
616 2479 657 2521 vu
672 2478 705 2520 tu
719 2477 771 2520 ms
788 2477 920 2522 rasuras
940 2480 1070 2523 onnrsvn

120 2563 251 2606 soulers
267 2561 360 2616 suun,
383 2560 437 2603 tra
451 2562 509 2618 uc,
532 2562 698 2618 1ranuo0,
722 2563 776 2604 mn
795 2562 930 2616 rnsr0n3
953 2563 1070 2613 ruaovu

120 2645 359 2701 voa,ovrn1uua,
374 2646 588 2690 unsrruoruvu
600 2629 702 2708 'lutari
713 2625 968 2690 annurnnaorn.¹²
1001 2648 1071 2705 quae
1085 2658 1116 2708 [te

119 2716 283 2786 nuncupatio
298 2721 327 2770 et
340 2716 449 2770 testatio
466 2726 587 2772 uocatur.

193 2861 212 2930 ²)
227 2872 240 2912 e
255 2865 292 2913 his
308 2863 388 2929 (qaod
396 2866 500 2927 prodiit
514 2881 548 2915 ecc
562 2866 655 2931 cs'illis)
675 2866 733 2915 Vat.
745 2873 789 2916 est.
804 2868 841 2916 his
851 2868 891 2916 ed.
901 2867 948 2933 Bp.
997 2864 1019 2933 ¹)
1032 2868 1070 2932 Of.

123 2936 179 2986 Gai.
194 2946 215 2998 2,
230 2946 276 2986 105.
292 2946 338 2986 tot.
353 2937 376 2996 ἓ.
392 2947 412 2987 9.
432 2935 454 2984 I.
470 2937 501 2985 de
515 2943 611 2988 testam.
627 2935 717 3003 (212).
774 2933 798 3004 ⁸)
814 2945 837 2986 et
850 2939 881 2986 ob
896 2938 920 2986 id
939 2938 997 2987 Vat.
1012 2940 1072 2988 edd.

120 3006 172 3056 Sed
191 3006 221 3056 ob
238 3006 262 3055 itl
281 3006 324 3056 bic
343 3008 471 3055 molestum
489 3009 698 3069 transferendum
719 3015 776 3057 erat
794 3010 830 3058 ad
848 3010 948 3058 initium
966 3011 993 3070 §i
1010 3024 1071 3073 seq,

122 3078 165 3127 ubi
179 3077 384 3127 desiderabatur.
445 3073 466 3141 4)
483 3073 529 3125 ‘et’
547 3079 574 3125 in
588 3080 789 3141 transpositione
799 3081 925 3142 perierat.
986 3077 1006 3144 ⁶)
1023 3079 1072 3129 Ge·

121 3149 356 3198 minandoaddida'.
386 3146 424 3210 Of.
440 3147 519 3197 Roed.
535 3148 607 3198 adit.
622 3150 638 3196 l.
653 3155 678 3197 et
693 3148 747 3197 Fal.
758 3158 847 3210 ,2.225.
912 3146 933 3212 ⁰)
950 3149 1070 3214 Ferepe·

121 3220 242 3269 minando
256 3220 356 3269 addidi.
426 3215 447 3283 ⁷)
461 3218 514 3266 Hic
528 3219 600 3267 locus
614 3224 700 3267 exstat
713 3219 809 3280 paucis
827 3219 930 3266 mutatis
948 3219 975 3267 in
989 3220 1021 3268 L.
1036 3232 1070 3272 tt.

120 3287 153 3335 D.
168 3289 200 3337 de
214 3295 268 3338 test.
285 3291 329 3354 (22,
344 3288 376 3355 5).
428 3285 448 3354 ⁸)
464 3288 502 3351 Of.
517 3289 541 3350 ξ.
555 3300 576 3340 6.
595 3287 617 3336 I.
633 3288 664 3336 de
679 3294 775 3337 testam.
790 3285 822 3350 (2,
837 3285 880 3352 to).
932 3284 953 3350 ⁹)
967 3288 1009 3336 An
1024 3305 1070 3336 ex-

121 3357 186 3407 cidit
197 3354 302 3417 ‘seruus,
312 3356 482 3422 peregrinus'?
530 3355 562 3423 ¹⁰)
575 3358 612 3421 Os.
626 3357 682 3407 Gat'.
694 3369 713 3415 2,
725 3368 770 3407 104.
782 3367 828 3407 149.
877 3352 909 3419 ¹¹)
920 3357 958 3405 De
965 3358 1070 3418 familia

121 3429 292 3491 mancipanda
306 3433 436 3493 expositio
450 3431 474 3480 l.
490 3432 506 3480 l.
520 3431 650 3480 excidisse
664 3429 774 3478 uidetur.
846 3421 878 3492 ¹²)
892 3426 982 3490 phitote
1002 3426 1070 3484 Vat,

121 3514 241 3564 querirex
258 3499 411 3562 Gat.2,104.
428 3502 543 3552 correxi.
578 3501 650 3551 Certe
670 3515 721 3548 una
740 3504 836 3547 tantan
854 3504 905 3546 tam
923 3498 1071 3547 solemnium
