2362 3938
492 110 541 164 AD
560 110 627 165 LIB.
646 110 705 165 VII.
843 103 846 109 ’
1057 111 1106 165 LV

88 279 186 336 nuper
219 259 386 334 repositum
422 263 469 318 est
502 253 656 335 ‘natique'.
710 260 755 318 ita
786 258 866 318 enim
897 260 972 319 haec
1003 261 1106 320 euadit

90 348 249 421 sententia,
274 349 360 423 quasi
383 351 463 407 certe
487 349 610 406 sciuerit
631 347 739 406 Medea
752 366 819 407 esse
833 346 934 407 Iasoni
947 349 1105 407 mulierem

87 439 269 512 liberosque.
333 435 385 494 sed
430 436 561 510 primum
606 454 708 496 omnes
752 436 845 495 habet
880 436 1104 511 probabilitatis

88 544 244 600 numeros,
276 523 428 600 uirginem
460 525 496 582 de
528 525 588 582 uiri
619 526 713 583 amati
744 525 894 584 caelibatu
929 525 1105 584 iamdudum

89 614 249 674 certiorem
281 631 347 672 esse
378 613 491 671 factam
527 632 636 689 neque,
673 613 733 672 nisi
770 631 822 689 spe
859 632 927 672 eum
963 612 1104 688 captandi

89 704 225 778 ductam,
249 721 337 777 opem
360 701 388 759 ei
409 701 503 760 fuisse
526 703 666 760 laturam.
711 702 814 777 itaque
836 720 897 760 non
922 702 1022 778 potuit
1050 701 1104 760 illa

87 792 154 851 loco
182 792 286 849 nostro
310 789 408 848 dicere
430 789 489 848 nisi
510 790 574 848 fere
596 791 664 849 hoo:
688 794 722 848 tu
740 789 827 848 'domi
852 809 975 849 uxorem
1005 791 1104 849 duces.

88 879 198 955 quibus
225 877 327 936 uerbis
360 879 525 952 prudenter
554 879 592 936 ad
624 897 672 954 ea,
705 879 741 937 de
770 878 879 954 quibus
912 880 964 955 agi
994 879 1102 954 uoluit,

86 967 172 1025 flexit
203 967 379 1025 orationem.
435 967 537 1041 itaque
569 966 711 1041 rescripsi
743 969 850 1042 aperta
875 968 1043 1026 ueritates·
1059 959 1101 1024 ‘te

87 1055 217 1114 coniunx
239 1054 404 1129 taedaeque
427 1049 570 1114 manent'.
617 1058 648 1114 et
671 1055 781 1113 similia
807 1056 902 1120 uerba
925 1055 1101 1131 saepissime

87 1142 231 1218 coniungi
253 1160 271 1199 a
293 1143 391 1221 poetis
414 1143 618 1219 notissimum
642 1143 678 1203 cf.
701 1163 744 1202 ex.
769 1163 815 1220 gr.
838 1145 931 1221 Verg.
954 1145 1029 1203 Aen.
1057 1143 1102 1200 IV

89 1234 130 1290 18
157 1225 294 1289 ‘thalami
316 1224 503 1306 taedaeque'.

178 1338 241 1395 496
262 1340 413 1409 procurrit
438 1337 594 1396 Heinsius:
624 1341 790 1411 procumbit
821 1340 862 1417 V5
895 1339 931 1397 cf.
964 1340 994 1396 H
1028 1340 1101 1400 637.

86 1430 117 1483 et
143 1425 262 1499 saepius
285 1444 373 1485 uoces
396 1426 467 1484 illae
489 1427 521 1484 in
544 1425 800 1485 coddsconfusae.

179 1532 240 1589 501
265 1534 351 1590 merit
384 1534 411 1592 sr‘
431 1534 523 1591 portis
545 1549 611 1590 sura
634 1531 752 1606 scripsi:
775 1535 885 1592 multu
906 1535 997 1592 aoctrs
1019 1532 1055 1589 V.

177 1637 240 1695 503
264 1655 403 1710 cumeum
426 1638 544 1713 scripsi:
568 1642 629 1696 trra
651 1637 688 1696 V.
713 1676 715 1680 -
885 1627 890 1638 ⁴

178 1744 352 1802 506-508
384 1746 505 1815 flamma
537 1747 656 1816 tuaque
692 1747 786 1813 ardea·
819 1743 917 1802 nullus
947 1761 1103 1804 sucurrere

85 1835 187 1890 contro
212 1832 326 1904 r'rrprcto
354 1836 439 1904 queat
476 1836 502 1890 ct
534 1833 631 1904 siquid
669 1835 701 1890 tu
732 1833 864 1906 saeuius,
896 1833 960 1890 istis
988 1833 1101 1891 adicias

84 1936 176 1992 acque
198 1921 230 1977 r'a
252 1920 345 1979 madio
368 1924 476 1979 terrore
498 1920 655 1992 relinquor.
678 1920 722 1978 ita
743 1919 808 1978 fere
821 1920 858 1977 V.
882 1938 958 1995 quae
973 1922 1099 1995 cogente

85 2007 236 2065 sententia
257 2008 432 2083 transposui
455 2010 485 2066 et
508 2007 677 2084 emendari,
701 2009 838 2083 quamuis
861 2008 992 2067 fortasse
1014 2026 1099 2082 prae-

87 2098 149 2153 stet
173 2088 250 2153 ‘tum
274 2096 373 2171 siquid
396 2088 537 2155 saeuius’.

176 2202 240 2260 514
263 2219 341 2260 acac
363 2203 447 2261 delcit
469 2221 485 2258 e
508 2203 536 2259 V
560 2202 693 2278 restitui:
717 2203 753 2262 cf.
776 2201 809 2259 L.
833 2203 996 2262 Muellerus
1025 2204 1052 2262 d.
1076 2222 1100 2262 r.

83 2308 123 2345 m‘
148 2291 238 2435 275115
264 2379 481 2451 ul-corrpcllal
504 2379 622 2453 scripsi:
647 2384 866 2439 cc-coatcrrct
888 2381 925 2441 V.

177 2466 241 2525 520
265 2468 395 2526 tcmtcutr'
418 2466 536 2540 scripsi:
560 2485 643 2539 quera
665 2472 747 2528 roura
769 2468 806 2526 V.

176 2555 239 2612 528
263 2572 375 2614 mcccc
398 2554 519 2628 scripsi:
541 2572 636 2614 uacuo
658 2555 695 2613 V.
812 2616 815 2622 ,
877 2623 881 2634 ι

176 2642 237 2699 531
265 2643 337 2701 obiit
360 2642 479 2716 scripsi:
503 2643 592 2702 trahit
613 2644 650 2703 V.

175 2730 237 2789 533
261 2731 365 2789 malim
388 2725 543 2790 ‘tradende
566 2725 709 2807 periclis'.

174 2819 238 2876 534
262 2835 279 2876 o
303 2819 421 2895 scripsi:
444 2823 477 2878 ut
498 2819 535 2877 V.

173 2907 236 2965 536
261 2908 373 2967 calcare
400 2909 553 2967 uolurar'rru
575 2908 751 2984 Meynckius
778 2909 809 2966 ΙΙ
834 2909 912 2967 374ε
940 2909 1098 2967 calcantem

80 2995 195 3053 moriac
218 2995 253 3052 V.

174 3083 237 3140 537
263 3085 310 3142 cui
334 3083 452 3158 scripsi:
474 3087 527 3143 ur'rr
549 3085 585 3141 V.

172 3171 235 3228 543
258 3175 336 3251 meat
356 3172 393 3231 A.
416 3171 602 3249 Wagnerus:
625 3176 731 3245 quaeat
751 3172 788 3229 V.

171 3259 233 3317 546
258 3277 294 3317 cr:
315 3277 403 3319 cocor
420 3260 465 3319 M:
494 3265 521 3319 et
541 3276 629 3319 uocor
651 3261 688 3318 V.
712 3292 755 3300 —
779 3260 845 3318 ulos
867 3259 945 3317 Phil.
968 3257 1098 3332 Wagne-

78 3364 146 3403 rus:
172 3364 247 3406 auso
270 3348 307 3405 V.
628 3406 631 3412 .

171 3435 234 3494 547
259 3437 292 3494 ire
313 3439 455 3508 flammas
478 3456 494 3496 e
517 3437 546 3493 V
569 3436 698 3496 restitui
