2362 3938
192 182 369 239 EPISTOLA
386 182 601 238 ALEXANDRI
618 183 668 238 AD
687 184 955 243 ARISTOTELEM.
1012 187 1078 251 209

65 351 98 412 et
128 349 259 410 antrum
286 345 411 423 Liberi,
442 367 505 430 quo
535 346 658 429 perdidi
686 346 834 412 homines
862 349 995 433 missor,
1023 350 1079 433 qui

64 435 255 504 dicebantur
285 435 383 498 tertia
410 435 461 499 die
488 435 634 499 febribus
658 435 757 518 mori,
786 436 863 519 quia
890 437 1078 521 speluncam

64 524 115 588 dei
137 523 340 588 introissent.
377 523 470 598 Quod
492 522 594 587 fuisse
618 522 669 587 dei
692 523 901 590 manifestum
919 526 1077 590 mortibus

64 633 175 677 eorum
198 612 418 695 probavimus,
445 612 520 695 quia
541 611 658 675 intrari
680 616 809 695 praeter
831 613 1021 698 religionem
1045 618 1078 678 et

63 702 132 766 sine
156 701 344 765 muneribus
373 721 488 783 specus
515 721 581 764 non
604 703 742 783 poterat
786 700 893 786 Igitur
918 721 979 786 ego
1002 722 1103 785 sup-s

62 789 138 873 plex
162 789 297 854 orabam
320 788 467 870 numina,
494 791 532 852 ut
559 810 611 852 me
637 810 748 875 regem
771 789 873 855 totius
900 790 989 855 orbis
1011 794 1076 854 ter-

62 900 171 943 rarum
191 899 265 942 cum
284 877 475 941 sublimibus
495 877 662 959 trophaeis
681 878 939 963 triumphantem
958 879 993 942 in
1006 877 1076 944 Ma·

62 966 232 1031 cedoniam
256 963 445 1048 Olympiadi
472 965 572 1030 matri
599 986 689 1030 meae
711 967 924 1032 remitterent.
972 967 1076 1044 Quam

61 1076 129 1118 rem
162 1053 285 1118 frustra
316 1075 368 1117 me
401 1057 511 1137 petere
543 1054 591 1118 ita
623 1055 777 1139 cognovi,
812 1057 967 1140 quoniam
1000 1056 1076 1121 dum

62 1143 221 1224 sciscitor,
250 1142 279 1206 si
303 1141 380 1226 quid
403 1142 501 1207 etiam
524 1163 624 1206 unum
647 1142 756 1209 videre
783 1165 914 1227 possem
942 1145 1076 1230 dignum
1090 1167 1116 1206 ro

62 1233 102 1296 ad
117 1231 367 1296 admirationem
386 1235 442 1295 aut
459 1231 661 1315 memoriam,
681 1232 831 1297 omnibus
846 1233 936 1298 Indis
954 1255 1075 1320 negan-

60 1321 148 1384 tibus
172 1340 310 1402 usquam
338 1341 422 1404 esse,
450 1319 567 1384 diverti
591 1323 697 1384 castra
724 1321 758 1384 in
780 1319 980 1439 Phasiacam,
1002 1345 1076 1390 cum

61 1414 158 1472 antea
180 1406 287 1473 Nothi
312 1409 401 1472 venti
423 1408 519 1471 flatus
544 1429 648 1472 essem
672 1413 809 1474 secutus.

150 1496 299 1581 Dumque
323 1496 357 1559 in
379 1497 494 1561 itinere
516 1496 726 1580 sumpsissem
745 1518 862 1581 agmen
887 1497 947 1562 sub
971 1498 1075 1584 signis

61 1586 197 1650 ducente
220 1606 282 1668 me,
306 1585 368 1649 duo
391 1605 483 1649 senes
502 1585 580 1649 facti
604 1586 679 1648 sunt
696 1584 791 1649 nobis
811 1585 950 1650 obviam.
987 1584 1074 1661 Quos
1089 1605 1115 1647 ιε

61 1696 134 1738 cum
162 1675 415 1757 interrogarem,
445 1673 602 1757 numquid
629 1676 764 1737 nossent
790 1673 826 1736 in
855 1672 913 1738 illa
942 1674 1074 1758 regione

60 1763 197 1846 dignum
221 1762 354 1845 aliquod
378 1762 607 1845 spectaculum,
630 1760 868 1844 responderunt
890 1761 982 1846 mihi,
1004 1784 1075 1827 esse

60 1852 148 1916 viam
172 1850 283 1915 decem
310 1872 377 1914 non
400 1850 540 1933 amplius
570 1850 707 1933 dierum,
733 1871 792 1932 per
820 1871 918 1933 quam
945 1850 1074 1935 iniquae

61 1944 171 2004 essent
191 1939 392 2023 aquationes,
415 1939 554 2003 maxime
577 1941 687 2002 tamen
711 1938 739 2002 si
761 1938 839 2002 illuc
862 1960 935 2003 cum
957 1938 1074 2003 tantis-

60 2049 121 2112 que
157 2027 397 2110 impedimentis
433 2031 465 2090 et
499 2048 572 2091 cum
606 2026 758 2091 universo
789 2048 925 2111 pergere
956 2027 1073 2092 vellem
1088 2049 1114 2089 ro

60 2117 211 2181 exercitu.
258 2113 409 2182 Ceterum
439 2115 467 2179 si
495 2116 669 2180 comitatus
697 2116 913 2201 quadraginta
942 2114 1073 2181 milibus

59 2204 229 2268 hominum
257 2225 490 2288 praeponerem
520 2225 578 2286 per
608 2205 763 2287 angustas
792 2204 924 2269 semitas
954 2207 987 2269 et
1015 2227 1073 2289 per

59 2293 204 2358 bestiosa
237 2293 316 2357 satis
350 2294 422 2358 loca
453 2312 603 2376 pergere,
636 2313 733 2376 posse
764 2293 846 2357 mihi
877 2294 1074 2379 contingere,

60 2386 96 2445 ut
128 2381 253 2465 aliquid
284 2380 474 2445 incredibile
505 2379 731 2464 perspicerem.
786 2381 870 2446 Tum
901 2403 961 2467 ego
998 2382 1072 2448 ilico

150 2554 295 2624 lperdidi
321 2575 351 2609 ω.
383 2554 496 2624 prodidi
523 2553 553 2610 0.
586 2571 642 2624 quo
667 2555 792 2624 perditos
821 2555 979 2625 emisimus,
1006 2555 1073 2626 quia

60 2625 353 2693 dicebantur-mori,
373 2625 421 2692 qui
439 2626 478 2680 H.
541 2629 557 2680 6
577 2642 662 2695 specu
681 2646 711 2682 ω.
784 2626 910 2699 'turego
929 2628 962 2682 P.
985 2627 1072 2698 igitur

59 2713 91 2751 eo
112 2697 143 2751 0.
162 2713 213 2752 om.
232 2701 279 2751 cet.
325 2702 359 2750 10
380 2695 588 2819 unumqadhuc
606 2696 646 2752 H.
691 2703 724 2751 11
743 2713 761 2750 a
810 2697 930 2754 natione
947 2699 998 2752 aut
1015 2715 1072 2753 me·

58 2767 147 2822 moria
158 2767 272 2822 0.V.H.
308 2766 339 2820 id
356 2769 473 2838 neganti
493 2765 566 2821 usO.
611 2773 643 2822 12
662 2783 781 2836 usquam
795 2767 915 2824 G.M.V.
935 2784 1072 2836 nusquam

61 2837 88 2892 0.
112 2855 248 2907 umquam
267 2837 344 2892 RB.
389 2838 493 2908 castra]
517 2837 636 2893 castella
653 2859 684 2891 ω.
728 2839 857 2893 omnibns
879 2838 956 2895 Indis
978 2839 1072 2894 dicen·

58 2909 134 2964 tibus
148 2908 237 2963 nichil
252 2908 330 2963 aliud
345 2908 526 2963 memorabile
544 2908 665 2964 inveniri
682 2924 764 2978 posse
783 2910 813 2962 in
829 2909 874 2963 his
888 2908 967 2978 locis,
986 2925 1071 2976 quarn

59 2981 133 3046 quod
157 2979 356 3048 cognovimus,
380 2978 450 3033 iussi
473 2978 577 3035 diverti
601 2979 681 3049 signa
704 2977 733 3032 in
752 2978 907 3034 Phasiacen
930 2977 1072 3034 antinothi

58 3051 136 3103 venti
153 3051 253 3105 flatum
272 3055 383 3104 secutus
402 3051 441 3105 H.
502 3056 535 3104 14
554 3049 628 3103 Dum
646 3069 677 3103 ω.
710 3049 815 3118 sumpsi
833 3069 862 3104 ω.
896 3049 1024 3130 Tumque
1042 3047 1071 3102 in

57 3119 159 3175 itinere
178 3122 321 3190 sumptum
340 3137 441 3191 agmen
460 3120 499 3175 H.
564 3125 598 3173 19
617 3118 737 3176 maxime
756 3119 787 3174 0.
806 3135 856 3176 om.
876 3124 923 3174 cet.
961 3136 985 3172 s1
1002 3116 1071 3173 illuc

58 3208 121 3246 cum
142 3191 170 3248 O.
195 3209 280 3246 causa
298 3191 365 3246 mV.
401 3191 544 3259 tantisque
563 3211 593 3244 ω.
617 3188 704 3244 tantis
724 3188 753 3244 0.
842 3194 876 3244 20
895 3193 925 3245 et
943 3189 972 3244 0.
997 3190 1021 3243 si
1040 3209 1070 3246 ω.

57 3279 200 3401 eterra
218 3260 479 3402 ditttltelldh
496 3276 641 3386 lr⁰⁰⁰⁸⁸¹¹2⁸1
660 3257 1071 3404 {attestabatur

429 3377 435 3403 ,
530 3372 536 3386 .
1063 3371 1069 3384 .

57 3403 171 3458 milibus
190 3405 297 3473 scripsi.
321 3405 430 3458 milium
449 3403 488 3458 H.
512 3401 593 3457 milia
611 3407 658 3458 cet.
704 3407 738 3456 22
757 3402 903 3458 hominum
920 3402 1020 3458 robore
1040 3402 1068 3459 0.

57 3490 260 3545 praeponerem
271 3495 301 3530 ω.
320 3477 519 3545 postponerem
527 3473 556 3528 0.
574 3474 806 3543 proponeremH.
844 3480 879 3530 23
893 3473 1069 3531 sahsomH.

56 3562 175 3617 pergere
190 3561 240 3600 om.
252 3547 327 3601 oaH
364 3552 400 3601 24
412 3545 600 3615 perspicerem
613 3542 759 3615 negotium
767 3545 806 3604 H.
826 3546 905 3602 Tunc
913 3545 1072 3618 (tumenti.l

106 3644 198 3685 Ivarus
212 3644 346 3686 Vsnnsrus.
878 3641 918 3691 Ἃ
