2376 3938
362 188 492 246 omres
509 191 732 246 lemanum
991 192 1053 254 141

59 345 164 412 daules
194 348 255 433 ait,
284 349 436 436 ‘eumque
470 355 535 419 tibi
565 360 720 420 onustum
756 354 852 418 donis
888 355 1056 440 regalibus

59 433 205 502 reddam?
245 437 389 504 Insinuat
411 464 490 528 ergo
512 445 677 528 traditque
698 441 881 509 Candaules
903 443 980 507 Ale
1034 446 1110 502 m

59 523 175 588 xandro
204 527 254 591 vel
281 529 454 595 maximam
483 535 644 598 exercitus
676 533 729 596 sui
759 537 889 614 partem
921 532 1057 614 impedi·

59 615 161 677 menta
182 635 221 678 ue
242 618 363 700 omnia,
389 620 508 704 quibus
534 625 712 705 apparatus
733 621 845 705 regins
867 619 1084 685 vehebaturs

142 635 198 767 dd.
220 701 281 768 Sed
302 707 388 770 enim
405 707 590 774 Alexander
598 709 791 794 ⁴viabundue
812 711 930 773 cuncta
951 709 1057 771 curio
1076 717 1121 767 54.

59 787 122 852 sius
144 794 289 873 spectans
315 796 422 863 animo
444 800 681 881 perlustrabat,
706 802 834 863 montes
857 796 985 861 scilicet
1006 818 1059 860 ar-

58 875 134 942 duos
159 883 192 942 et
217 888 368 968 congesta
394 908 547 951 saxorum
575 887 678 951 nivali
706 885 814 969 specie
841 884 1059 969 candentium,

58 986 136 1049 quae
165 968 315 1054 pleraque
347 975 494 1057 crystalli
530 977 663 1040 metalla
694 975 902 1056 dicebantur,
938 973 1059 1058 frigida

58 1074 131 1118 sane
156 1057 215 1121 sub
241 1060 322 1123 caeli
343 1061 443 1147 plaga
470 1068 504 1127 et
530 1065 650 1128 circum
678 1065 791 1129 omnia
817 1063 959 1128 nubibus
983 1084 1059 1126 con·

56 1143 177 1209 vestita
220 1146 317 1212 Enim
341 1150 446 1235 frigus
471 1152 536 1218 hoc
561 1153 666 1217 fertur
691 1174 758 1216 non
781 1152 940 1216 obsistere
961 1152 1058 1216 uber·
1072 1169 1099 1208 1⁰

57 1232 126 1297 tati.
154 1231 294 1301 Arbores
308 1239 394 1302 eninr
407 1242 654 1322 procerissimae
668 1241 876 1325 virentesque
894 1244 1059 1326 etgraves

57 1321 157 1403 pomis
179 1323 296 1407 ubique
319 1328 507 1394 mnabatnr.
546 1329 638 1394 Haec
660 1350 759 1412 poma
782 1333 877 1393 erant
897 1329 949 1393 vel
972 1329 1060 1393 mala

58 1409 188 1492 grandia
209 1413 249 1476 ad
271 1416 341 1478 anri
363 1418 504 1500 gratim
528 1419 687 1500 colorata,
715 1416 771 1481 sed
799 1417 841 1480 ad
863 1417 1062 1500 magnitudi-

57 1516 128 1560 nem
145 1498 252 1584 ferme,
269 1524 351 1586 quae
368 1506 454 1588 apud
472 1528 534 1570 nos
552 1510 603 1569 est
620 1505 696 1569 citri
714 1506 942 1569 excrescentia
969 1503 1061 1567 Uvae

56 1586 201 1667 ponderis
223 1595 256 1654 et
277 1591 447 1657 densitatis
474 1596 667 1674 immensae,
696 1614 829 1674 prorsus
856 1595 895 1655 ut
921 1591 1101 1674 singulis1⁵

56 1673 152 1739 acinis
183 1678 234 1741 vel
264 1680 499 1763 improbissimi
531 1682 600 1745 oris
630 1679 775 1743 hiatibus
804 1700 872 1743 non
902 1700 1061 1743 occurses.

57 1759 204 1829 Granatis
231 1768 328 1831 etiam
354 1771 450 1834 malis
478 1791 572 1834 snam
598 1767 656 1832 dat
683 1767 826 1852 gratiam
851 1767 1061 1851 magnitnd03

55 1870 129 1914 nam
147 1873 249 1937 grana
265 1856 333 1920 illis
346 1880 410 1942 qno
431 1858 567 1942 glandes
585 1858 720 1939 impetn,
739 1876 854 1919 verum
871 1854 1062 1938 ignicantia,

56 1959 168 2023 sapora
185 1946 308 2028 tamem
330 1947 466 2030 ipsaque
489 1946 575 2010 mala
597 1965 665 2007 non
687 1944 794 2007 minus
811 1963 937 2025 pepone
956 1963 1062 2006 excre-

56 2032 160 2108 scunt,
187 2032 347 2099 enimvero
375 2035 510 2118 potiori3
538 2033 720 2116 horumque
746 2051 920 2116 pomorum
941 2029 1062 2113 perdif·
1076 2048 1104 2087 re

56 2114 146 2181 ticilis
173 2122 311 2185 occasio:
338 2123 387 2186 ita
414 2124 525 2187 omnia
554 2122 603 2186 vel
630 2121 785 2204 pleraque
812 2118 967 2183 dracones
995 2140 1062 2182 am·

56 2203 138 2286 plexi
157 2209 323 2289 possident
341 2215 398 2275 aut
420 2210 609 2293 errabundi,
632 2212 703 2272 tum
727 2228 849 2291 genera
868 2207 1063 2272 lacertorum

56 2291 140 2358 haud
166 2297 272 2362 minus
296 2299 547 2363 ichneumonum
569 2296 801 2381 magnitudine
843 2294 949 2359 Multa
972 2317 1064 2379 prae
1083 2303 1127 2355 55.

56 2383 142 2446 terea
164 2385 376 2451 animantium
400 2408 520 2471 genera
544 2387 758 2468 innoxieque,
785 2382 842 2448 sed
869 2384 954 2448 enim
981 2383 1064 2448 facie

56 2471 231 2556 peregrina,
248 2477 370 2539 nostris
389 2475 619 2558 experimentis
636 2473 760 2549 aliena3
783 2476 817 2536 et
835 2472 949 2538 simias
966 2471 1065 2537 facile
1078 2489 1105 2529 2⁵

56 2557 172 2622 viseres
193 2563 454 2647 magnitudinem
472 2585 623 2628 ursarum
640 2559 838 2626 nostratium
856 2563 1065 2643 supervectas

56 2643 239 2732 formasque
262 2651 370 2715 varias
393 2651 574 2733 simiarum,
602 2671 683 2734 quas
712 2648 833 2713 referre
861 2648 992 2712 difficile
1015 2651 1066 2712 est

55 2731 238 2802 hominibus
260 2761 328 2803 non
351 2740 593 2824 insignientem.

143 2980 193 3035 83.
212 2986 228 3034 5
243 2982 402 3037 viabundus
413 2984 448 3036 P.
468 2981 648 3037 ethabundus
657 2980 694 3035 A.
727 2984 743 3032 '1
757 2977 851 3031 nivale
861 2977 894 3030 P.
913 2975 1020 3044 spetiae
1030 2974 1067 3028 A.

57 3053 87 3101 11
109 3050 185 3120 Quae
203 3070 222 3106 α
239 3055 327 3108 verbis
346 3054 478 3108 ‘Arbores
497 3051 573 3106 enim
591 3051 650 3106 etc’
676 3050 806 3127 legentur
827 3062 912 3126 usque
934 3045 1068 3126 ‘stifft‘

55 3122 153 3188 spectu
176 3123 341 3191 dignentur’
367 3141 395 3191 p.
412 3129 471 3190 142,
486 3130 516 3190 9,
544 3138 595 3178 om.
620 3121 655 3173 Ρ.
734 3120 768 3196 19
790 3115 990 3196 rmprobrssrml
1012 3129 1068 3196 ons

55 3192 161 3261 scripsi.
207 3193 342 3262 improbis
366 3194 391 3247 si
413 3193 527 3249 maioris
549 3193 585 3246 A.
630 3187 973 3267 rmplearrs,'s1·marorrs
996 3183 1068 3237 Mas.

56 3259 212 3330 implearis,
237 3263 262 3316 si
284 3264 399 3318 maioris
421 3265 477 3319 oris
502 3263 562 3318 Mr.
595 3274 723 3314 occurses
746 3271 854 3323 seraper.
880 3269 1009 3337 occursus
1032 3254 1068 3307 A.

58 3335 90 3384 18
109 3332 218 3403 impetu
236 3334 309 3389 Mai.
336 3335 475 3402 impetum
493 3335 529 3388 A.
583 3336 616 3384 19
636 3343 739 3397 sapora
756 3329 852 3407 tamon
869 3340 983 3392 sermm
1009 3325 1070 3378 tam

57 3417 158 3471 sapora
174 3406 211 3458 A.
239 3421 350 3474 pepone
370 3407 443 3460 Mai.
469 3419 594 3473 pepones
612 3400 648 3454 A.
685 3403 720 3452 20
738 3396 842 3465 potrorr
859 3394 1018 3479 horumque·
1033 3392 1069 3449 A.

57 3471 185 3539 potiundi
202 3476 304 3529 horum
316 3476 388 3530 Mai.
426 3480 460 3528 23
480 3472 637 3527 haudMai.
657 3468 751 3523 autA.
789 3469 823 3520 2⁷
842 3465 945 3522 referre
962 3480 1069 3537 screpss.

58 3540 85 3594 ei
103 3542 175 3599 ferre
194 3546 231 3602 A.
260 3544 433 3615 distinguere
453 3544 527 3598 Mai.
538 3543 595 3597 Mr.
