2362 3938
373 153 664 212 ARGONAUTICON
681 157 790 212 LIBER
808 158 882 213 VIII.
1073 162 1134 226 151

120 303 287 384 exululans,
311 302 438 364 famulae
460 305 574 383 pariter
598 303 725 365 clamore
750 324 890 385 supremo

119 393 152 454 in
172 410 286 454 uacuos
309 391 380 453 dant
403 390 497 453 uerba
519 399 607 453 notos
630 393 838 473 dominamque
861 394 1024 458 reclamant

119 481 253 562 nominc3
276 489 307 542 te
330 482 415 541 uenti
436 479 543 560 procul
567 488 597 541 et
619 489 671 541 tua
694 481 754 542 sata
776 483 920 544 serebant.

162 566 235 630 Inde
259 569 340 631 1115111
360 576 540 648 noctemque
564 568 673 631 uolant.
719 570 914 632 redeuntibus
938 589 1010 634 aura
1083 585 1135 634 115

118 658 245 739 gratior,
268 665 299 719 et
321 665 409 718 notae
432 656 539 737 Minyis
561 666 769 719 transcurrere
793 667 902 740 terrae,

119 763 188 807 cum
211 745 311 807 subito
334 744 465 824 Erginus
486 748 580 826 puppi
604 748 647 808 sic
670 747 750 808 satur
773 746 809 807 ab
833 747 899 809 alta.

119 828 199 895 ‘uos’
224 836 264 896 ait
288 829 460 914 ‘Aesonide
484 837 618 896 conteuti
641 834 753 896 uellere
778 844 873 917 capto,

118 940 174 984 nec
197 925 247 984 uia
270 940 345 1002 quac
369 931 491 1002 superet
514 941 571 983 nec
593 941 669 1002 quae
693 924 812 984 fortuna
835 924 953 985 uidetis.

118 1013 249 1072 crastina
272 1028 399 1090 namque
423 1011 487 1073 dies
509 1013 604 1073 trucis
627 1013 663 1073 ad
687 1012 814 1072 confinia
836 1015 920 1091 ponti
1083 1024 1134 1076 180

118 1097 311 1179 Cyaneasque
333 1107 435 1181 uocat,
457 1101 652 1181 meminique,
676 1119 693 1160 o
717 1099 825 1181 Tiphy,
849 1108 970 1161 tuorum

120 1206 191 1248 saxa
212 1206 269 1268 per
291 1187 354 1269 illa,
375 1196 475 1269 pater,
497 1190 635 1270 memini,
658 1188 843 1269 uenerande,
865 1188 1010 1250 laborum.

118 1276 309 1359 mutandum,
331 1295 349 1336 o
373 1279 460 1358 socii,
483 1276 570 1338 nobis
592 1279 664 1357 iter3
687 1277 779 1338 altera
801 1279 886 1358 ponti

119 1363 277 1426 eluctanda
298 1367 348 1426 uia
371 1372 401 1426 et
424 1383 529 1445 cursu,
553 1383 643 1444 quem
666 1365 764 1446 fabor,
788 1365 920 1427 eundum
945 1374 999 1427 est.

117 1452 197 1514 haud
219 1453 326 1534 procul
347 1453 417 1514 hinc
439 1456 546 1532 ingens
569 1452 701 1533 Scythici
723 1457 784 1514 ruit
807 1456 905 1514 exitus
928 1452 1032 1533 Histri,
1079 1464 1129 1514 155

119 1541 246 1603 tundere
269 1561 330 1602 non
352 1560 413 1603 uno
436 1549 550 1603 tantum
574 1559 665 1620 quem
687 1541 809 1602 ssumiua
832 1559 927 1617 cornu

120 1633 296 1712 accipimus;
320 1638 435 1711 septem
458 1633 519 1691 exit
541 1633 641 1711 aquis,
665 1638 780 1710 septem
804 1632 879 1691 ostia
900 1628 1012 1709 pandit.

118 1718 200 1781 iliius
223 1719 343 1780 aduersi
366 1737 447 1780 nunc
469 1736 522 1778 ora
543 1726 680 1798 petamus
704 1726 734 1780 et
756 1719 876 1800 undam,

119 1824 196 1887 quae
219 1807 297 1869 lauis
319 1810 351 1868 in
373 1806 493 1868 lacuum
510 1809 595 1887 ponti
619 1808 709 1888 cadit3
732 1808 801 1868 inde
826 1824 986 1886 sequemur

117 1898 213 1975 ipsius
237 1898 331 1957 amnis
354 1898 425 1975 iter,
448 1895 543 1958 donec
565 1914 621 1956 nos
643 1895 766 1958 flumine
790 1904 872 1956 certo
1080 1906 1131 1956 190

119 1984 254 2064 perierat
275 1987 367 2063 inque
390 1983 470 2045 aliud
493 1983 598 2045 reddat
619 2002 711 2045 mare.
757 1987 817 2045 sint
840 2002 893 2063 age
916 1985 1001 2064 tanti,

118 2072 267 2134 Aesonide
273 2114 293 2154 ,-
306 2090 511 2152 quaecumque
534 2091 648 2154 morae,
672 2091 760 2152 (1111111
784 2090 873 2133 saeua
896 2071 997 2133 subire

119 2178 191 2222 saxa
212 2162 335 2242 iterum,
359 2179 447 2241 (1111111
471 2160 603 2240 Cyaneos
624 2179 821 2241 perrumpere
845 2169 975 2239 montes3

119 2258 167 2311 sat
189 2249 274 2311 mihi:
297 2267 358 2310 non
380 2251 452 2311 totis
474 2249 552 2328 Argo
576 2249 654 2310 redit
677 2268 747 2311 ecce
771 2244 940 2328 corymbis?

1 2338 2 2417 s
118 2336 194 2399 haec
216 2341 257 2400 ait
279 2341 400 2418 ignarus
423 2338 496 2398 fixas
518 2340 576 2398 iam
599 2340 721 2398 numine
745 2355 837 2416 rupes
1084 2345 1135 2397 115

121 2433 202 2487 stare
226 2445 324 2506 neque
348 2427 483 2488 aduersis
506 2425 584 2487 ultra
607 2444 789 2487 concurrere
813 2427 900 2486 saxis.

119 2514 251 2577 reddidit
273 2515 452 2576 Aesonides:
477 2509 585 2595 ε1111,
608 2513 751 2576 fidissime
774 2523 884 2594 rector,

120 2600 202 2664 haud
224 2606 295 2666 uani
316 2604 443 2682 tetigere
462 2610 573 2684 metus,
596 2621 652 2664 nec
675 2622 723 2664 me
747 2606 792 2664 ire
815 2620 922 2663 recuso

120 2688 240 2772 longius
263 2701 293 2753 ct
315 2693 434 2759 cunctis
456 2691 633 2752 redeuntem
656 2693 815 2753 ostendere
839 2686 950 2751 terris?

120 2781 261 2859 protinus
283 2779 353 2841 inde
377 2778 451 2840 alios
473 2780 553 2840 flexu
576 2798 723 2859 regesque
746 2779 887 2857 locosque
1085 2787 1137 2837 200

122 2866 341 2948 adsuetumque
364 2875 471 2949 petunt
493 2867 636 2948 plaustris
659 2865 856 2945 migrantibus
879 2882 1000 2942 aequor.

166 2954 271 3038 Puppe
293 2955 400 3038 procul
423 2974 537 3018 summa
560 2954 659 3032 uigilis
682 2960 751 3035 post
773 2961 858 3031 terga
880 2952 1015 3028 magistri

121 3042 261 3107 haeserat
283 3053 404 3107 auratae
427 3043 555 3125 genibus
578 3041 681 3102 Medea
703 3040 871 3118 Mineruam

122 3132 220 3215 adque
242 3132 285 3195 ibi
307 3133 424 3195 deiecta
447 3133 583 3194 residens
606 3130 772 3191 inlumina
794 3125 871 3206 palla

121 3218 212 3284 debat
226 3221 332 3303 adhuc,
355 3239 534 3301 quamquam
546 3220 717 3281 Haemoniis
741 3233 810 3276 oum
833 3213 954 3293 regibus
978 3215 1045 3291 iret,
1082 3219 1134 3271 205

73 3330 76 3335 ·
122 3308 187 3371 sola
209 3320 310 3373 umen
332 3328 389 3372 nec
412 3311 544 3389 coniugii
567 3326 673 3370 secura
696 3307 797 3366 futuri.

122 3396 206 3459 illam
228 3398 385 3460 Sarmatici
408 3400 590 3459 miserantur
613 3396 699 3457 litora
722 3395 815 3472 ponti,

121 3484 173 3549 illa
195 3486 366 3550 Thoanteae
389 3489 496 3549 transit
519 3484 626 3546 defleta
649 3483 765 3544 Dianae.

418 3581 432 3607 0
