2376 3938
332 216 622 275 ARGONAUTIOON
640 218 751 274 LIBER
768 219 803 276 Π.
1033 223 1076 289 35

60 376 90 429 et
114 369 187 428 deus
210 369 274 446 ipse
298 385 396 427 moras
419 369 606 447 spatiumque
630 368 763 447 indulget
786 372 888 431 amori.

59 456 160 516 Pliada
181 456 246 535 lege
268 455 330 534 poli
353 455 488 518 nimboso
511 465 647 518 mouerat
670 465 770 521 astro.

59 546 192 625 luppiter
216 552 371 606 aeternum
394 545 520 605 uoluens
544 564 634 627 opus,
658 554 687 607 et
711 546 799 607 simul
822 547 910 607 undis

59 642 168 695 cuneta
189 642 282 695 ruunt
306 651 424 712 unoque
449 634 497 693 dei
519 633 654 714 Pangaea
677 634 732 695 sub
755 637 818 696 ietu

59 723 246 802 Gargaraque
272 729 301 782 et
323 722 416 782 Moesi
439 730 588 784 steterunt
611 723 769 785 formidine
791 723 859 785 luci.
1022 738 1074 791 360
1138 765 1141 771 ·

59 814 177 872 saeuior
200 811 271 872 haut
294 810 351 871 alio
374 811 515 872 mortales
534 820 668 891 tempore
692 822 808 873 mentes

59 909 157 961 terror
180 902 253 980 agit;
276 907 348 960 tune
372 907 459 978 urget
483 903 575 982 enim,
595 908 670 961 tuno
693 901 804 980 flagitat
825 904 886 962 iras

58 992 89 1048 in
112 988 238 1067 populos
262 988 383 1048 Astraea
405 988 507 1049 Iouem
531 992 680 1069 terrisque
703 990 816 1051 relictis

59 1080 179 1138 inuocat
201 1077 324 1138 adsiduo
349 1076 487 1138 Saturnia
511 1079 608 1139 sidera
631 1088 748 1158 questu.

57 1168 227 1244 insequitur
250 1168 334 1246 niger
358 1173 387 1226 et
409 1169 523 1245 magnis
547 1186 615 1228 oum
638 1168 781 1229 fratribus
803 1167 903 1229 Eurus
1021 1181 1072 1231 365

57 1258 173 1316 intonat
196 1255 310 1334 Aegaeo
334 1255 488 1334 tenditque
512 1256 547 1316 ad
570 1255 657 1317 litora
678 1265 802 1338 pontus3
1060 1276 1064 1281 ·

57 1352 88 1404 et
111 1343 211 1404 lunam
236 1351 341 1422 quarto
365 1344 487 1404 densam
510 1345 593 1406 uidet
615 1344 762 1407 imbribus
786 1353 854 1407 ortu

58 1432 247 1512 Thespiades,
292 1432 399 1512 longus
423 1435 538 1512 coeptis
561 1442 591 1494 et
614 1433 755 1495 fluetibus
779 1441 861 1494 areet

57 1521 129 1582 dum
152 1529 263 1603 metus,
286 1540 381 1601 nsque
405 1540 500 1581 nouos
523 1523 609 1582 dinae
633 1522 765 1583 melioris
789 1521 825 1582 ad
846 1524 925 1602 ignis

58 1609 132 1670 urbe
157 1611 261 1671 sedent
283 1610 353 1670 laeti
376 1609 490 1691 Minyae
514 1611 672 1690 uiduisque
696 1617 837 1672 uocantes
1021 1624 1072 1674 370

56 1698 213 1778 indulgent
235 1698 384 1780 thalamis3
408 1699 584 1779 nimbosque
609 1700 736 1760 edueere
760 1699 833 1759 luxu

57 1807 114 1848 neo
137 1791 195 1848 iam
218 1787 295 1849 uelle
318 1791 392 1869 nias,
415 1787 618 1867 zephyrosque
642 1789 744 1849 audire
768 1795 911 1849 uocantes
1003 1820 1007 1824 >

58 1877 258 1958 dissimulant,
281 1877 375 1937 donee
399 1877 513 1937 resides
536 1877 710 1957 Tirynthius
733 1877 823 1937 heros

56 1984 118 2026 non
141 1966 221 2048 tulit,
244 1969 308 2045 ipse
331 1967 388 2026 rati
410 1965 568 2045 inuigilans
592 1966 687 2045 adque
710 1968 826 2046 integer
849 1964 941 2026 urhis.
1028 2002 1034 2013 ι

307 2098 589 2189 71111

57 2231 296 2292 inuidisse-deos
320 2237 435 2292 tantum
459 2235 549 2292 maris
572 2250 683 2310 aequor
708 2232 818 2291 adortis
1020 2242 1072 2293 375

58 2320 250 2399 desertasque
274 2321 378 2381 domos
401 2321 593 2399 fraudataque
617 2318 751 2400 tenipore
775 2320 858 2398 segni

57 2416 127 2468 trote
150 2416 276 2486 patrum.
323 2408 394 2487 quid
418 2418 448 2470 et
469 2412 533 2489 ipse
557 2411 631 2470 uiris
655 2407 863 2470 carnotentibus
887 2401 985 2469 adsit?

58 2493 87 2556 ‘o
110 2499 212 2557 miseri
236 2499 416 2577 quicumque
440 2501 499 2559 tuis
524 2501 704 2559 accessimus
728 2495 814 2558 actis!

56 2584 166 2646 Phasin
189 2595 219 2647 et
242 2587 354 2647 Aeeten
379 2586 568 2667 Scythicique
591 2587 723 2668 pericula
745 2587 828 2666 ponti

57 2671 161 2734 redde'
185 2677 225 2735 ait
249 2670 418 2736 ‘Aesonide2
442 2695 488 2737 me
512 2684 612 2737 tecum
635 2677 717 2737 solus
739 2678 771 2736 in
794 2692 905 2754 aequor
1018 2684 1071 2735 380

57 2781 160 2822 rerum
183 2765 272 2823 traxit
294 2783 389 2846 amor,
414 2766 485 2825 dum
508 2784 576 2844 spes
600 2765 671 2825 mihi
695 2767 801 2825 sistere
824 2770 942 2824 montes

58 2849 190 2929 Cyaneos
214 2851 393 2930 uigilemque
418 2853 507 2915 aliurn
531 2853 657 2932 spoliare
677 2854 845 2913 draconem.

58 2941 83 2998 si
107 2939 190 3001 sedet
214 2940 321 3020 Aegaei
344 2942 481 3020 scopulos
504 2941 637 3001 habitare
660 2941 810 3021 profundi,

56 3026 112 3087 hoe
137 3047 254 3089 mecum
278 3029 418 3090 Telamon
440 3038 562 3108 peraget
584 3025 689 3090 meus?
734 3029 808 3088 haee
831 3026 883 3087 nbi
906 3026 992 3106 dicta,

56 3114 135 3176 hatrd
159 3136 246 3177 seous
270 3118 432 3178 Aesonides
455 3121 575 3178 monitis
599 3135 742 3177 aecensus
766 3117 882 3195 amaris,
1020 3123 1072 3174 385

58 3223 146 3283 qnam
168 3206 294 3267 bellator
317 3225 425 3288 equus,
448 3207 535 3285 longa
559 3225 647 3285 quem
671 3204 777 3285 frigida
799 3221 872 3282 paee

54 3294 178 3373 pergula
201 3296 264 3378 alit,
288 3295 390 3356 breuis
412 3297 444 3355 in
466 3296 561 3355 ilexns
584 3297 668 3374 piger
692 3297 811 3374 angitur
834 3290 927 3372 orbis,

57 3383 140 3443 irena
163 3391 263 3445 tamen
286 3385 498 3462 dominumque
522 3383 608 3464 uelit,
632 3385 657 3442 si
676 3383 800 3444 Martius
824 3397 913 3442 aures

57 3470 167 3532 clamor
191 3482 221 3533 et
245 3472 329 3533 obliti
352 3490 458 3532 rursus
481 3473 580 3550 fragor
603 3471 723 3552 impleat
746 3473 832 3533 aeris.

56 3568 128 3619 tuno
152 3562 263 3640 Argum
287 3560 462 3640 Tiphynque
486 3568 576 3623 uocat
597 3559 770 3644 pelagoque
790 3559 904 3643 parari
1045 3558 1107 3604 W

853 3658 893 3714 gis
