2362 3938
83 200 127 267 94
394 232 400 246 .
507 197 616 254 creua
633 199 667 254 11.

82 363 208 448 cipibus
232 385 269 429 ac
293 362 428 428 ducibus
452 363 534 446 suis,
562 383 643 447 quos
671 361 731 427 tali
755 361 902 427 convivio
926 361 1097 446 dignanter

82 451 257 534 acceperit,
284 450 414 535 privata
436 450 553 536 pocula
576 450 647 515 fieri
671 451 771 534 sinat,
798 472 1018 536 quaecumque
1048 473 1095 516 ac-

81 540 228 625 ceperint
245 539 436 605 haurianda.
478 539 572 616 Quod
595 558 673 623 ergo
697 539 970 624 magnanimitate
993 541 1043 605 illi
1065 545 1096 605 te

82 650 213 714 quoque
230 648 343 714 parem
361 628 520 711 ducerem,
542 648 610 693 non
632 628 667 692 in
686 629 917 694 contumeliam
939 628 1096 693 traxeris.⁷

57 717 158 786 ⁶an
175 717 400 784 blandimento
418 715 703 800 responsionisque
727 717 797 782 eius
817 719 925 802 gratia
947 740 1020 784 cum
1044 740 1098 782 rex

84 806 247 892 ceterique
273 804 430 891 permulsi
458 807 580 889 essent,
610 805 859 871 admirationem
889 807 939 871 sui
970 808 1097 872 silentio

83 896 299 962 testabantur.

176 983 236 1053 27.
272 981 334 1049 Sed
357 980 391 1046 id
415 981 580 1047 silentium
598 980 700 1046 ferme
723 983 764 1047 ad
782 982 964 1068 periculum
983 984 1100 1070 vergit.

84 1071 177 1138 Unus
201 1072 320 1156 quippe
343 1093 382 1136 ex
405 1069 665 1151 convivantibus,
693 1070 746 1135 cui
767 1071 963 1136 vocabulum
985 1072 1100 1138 Pasar-

44 1183 71 1224 ιο
84 1181 141 1246 ges
172 1164 256 1244 erat,
285 1159 365 1226 olim
391 1157 535 1243 Philippi
562 1157 706 1242 hospitio
734 1163 883 1242 receptus
916 1162 949 1224 et
977 1161 1099 1226 ibidem

83 1248 307 1315 Alexandrum
335 1248 432 1313 etiam
460 1268 596 1331 puerum
624 1248 844 1331 conspicatus,
872 1248 1033 1331 paulatim
1064 1251 1098 1312 in

83 1336 275 1402 memoriam
298 1337 448 1402 relabens
471 1334 607 1400 eundem
630 1335 737 1419 ipsum
761 1356 841 1418 esse,
865 1357 961 1419 quem
985 1337 1096 1419 opina-

83 1426 194 1510 batur,
222 1426 332 1492 animo
361 1425 540 1490 confirmat.
586 1421 713 1489 Sensim
736 1423 836 1509 igitur
857 1422 972 1508 Dario,
1001 1446 1096 1508 quem

84 1514 379 1599 comprehenderit,
415 1512 574 1599 Pasarges
606 1513 794 1578 intimatum
826 1513 924 1578 venit.
982 1512 1096 1597 quue

45 1626 71 1668 ιε
85 1607 257 1688 permotus
276 1625 332 1668 rex
350 1623 493 1687 praeque
517 1602 741 1688 magnitudine
759 1604 780 1684 †
799 1603 997 1688 prosultans,
1021 1601 1097 1687 quid

84 1693 166 1757 illud
180 1696 276 1778 esset,
290 1692 377 1776 quod
390 1695 564 1776 tantopere
579 1692 784 1776 excitaretur,
798 1691 880 1757 nulli
895 1712 990 1778 mage
1001 1713 1099 1776 quam

83 1781 147 1865 ipsi
162 1780 348 1845 Alexandro
362 1781 481 1865 prodit,
499 1780 533 1844 id
552 1781 648 1865 enim,
667 1780 754 1866 quod
772 1784 933 1865 evenerat,
951 1783 1017 1845 iam
1035 1781 1100 1864 pri-

84 1870 156 1935 dem
172 1869 281 1936 animo
297 1871 508 1954 suspectanti.
540 1869 676 1955 Unaque
692 1892 764 1935 eum
778 1869 915 1955 poculis,
930 1892 1013 1955 quae
1027 1870 1100 1934 sinu

86 1961 219 2044 gestans
238 1958 391 2040 habebat,
415 1958 566 2024 conclave
585 1960 746 2043 procurrit
768 1959 878 2044 ibique
896 1981 957 2043 pro
976 1959 1100 2026 foribus

45 2069 72 2112 so
86 2047 218 2114 offendit
237 2069 336 2112 unum
351 2068 369 2111 e
384 2045 491 2112 Persis
511 2068 639 2131 equum,
658 2069 722 2131 quo
741 2047 896 2112 advectus
914 2048 1031 2133 fuerat,
1050 2048 1101 2112 de·

47 2179 51 2186 -
83 2137 252 2202 tinentem.
297 2134 348 2201 Ne
376 2135 454 2220 quid
481 2136 584 2220 igitur
608 2138 785 2216 [viduetur]
811 2137 1040 2220 improperiter
1067 2137 1101 2199 in

82 2245 118 2289 re
135 2225 194 2289 tali
212 2223 339 2309 fecisse,
361 2222 529 2291 custodem
547 2225 622 2308 equi
639 2222 749 2308 gladio
768 2223 920 2307 perfodit,
943 2225 1098 2289 adscensu

85 2317 194 2378 autem
218 2334 256 2378 co
281 2313 378 2399 fugae
402 2313 551 2379 consulit.
598 2312 690 2388 Quod
713 2311 770 2375 ubi
792 2311 899 2376 Persis
922 2312 1029 2376 visum
1051 2311 1099 2374 in-

84 2401 313 2487 tellectumque
337 2405 401 2485 est,
429 2422 557 2484 quaqua
579 2401 699 2485 raptim
722 2421 814 2465 arma
837 2420 965 2484 capere,
991 2401 1098 2484 ipsum

45 2511 72 2554 as
85 2511 212 2576 quoque
235 2491 417 2576 fugientem
438 2489 566 2573 insequi
585 2488 813 2574 properabant.
852 2485 952 2551 Enim
975 2491 1009 2552 et
1031 2488 1097 2552 illis

84 2579 211 2645 molitio
239 2580 366 2644 tardior
393 2582 426 2642 et
448 2577 633 2643 Alexandro
663 2577 824 2643 efficacior
845 2576 926 2663 fuga
948 2580 1031 2659 erat,
1060 2597 1098 2640 eo

85 2668 170 2752 quod
202 2667 401 2751 intempesta
432 2667 498 2731 iam
528 2671 623 2732 nocte
656 2686 756 2749 eaque
787 2665 887 2731 nullis
920 2666 1016 2730 lunae
1046 2664 1100 2729 ad-

85 2756 248 2821 miniculis
270 2755 401 2821 inlustri
425 2755 591 2839 aliquanto
615 2754 820 2821 cunctantius
842 2755 913 2839 regi
937 2754 1099 2840 gradienti

86 2845 271 2930 subpetiata
301 2848 352 2909 cst
380 2843 465 2909 forte
496 2843 595 2909 etiam
625 2845 751 2927 lampas
782 2865 828 2908 ex·
852 2843 956 2909 obvio.
1008 2842 1099 2919 Quae

46 2956 72 2998 so
87 2956 158 3000 cum
178 2934 240 2999 sibi
258 2935 448 3019 praelucens
466 2932 649 3017 facesseret,
673 2953 711 2996 eo
731 2931 853 3017 etipse
871 2932 1099 3016 properantius

87 3027 120 3089 et
141 3023 232 3088 nullo
255 3023 316 3088 tali
343 3021 487 3088 subsidio
511 3019 631 3087 Persae
658 3020 785 3087 tardius
809 3020 989 3106 agitabant.
1035 3019 1097 3085 Sed

88 3113 175 3178 enim
193 3111 312 3178 Darius
336 3111 494 3177 maestior
512 3107 629 3176 damno
654 3110 755 3193 elapsi
778 3108 894 3207 hostis,
917 3132 990 3174 cum
1012 3109 1099 3173 inter

177 3293 279 3356 3ergo
299 3286 354 3342 Me.
388 3301 440 3356 ego
460 3285 495 3339 P.

177 3357 226 3414 27.
246 3363 280 3411 10
299 3360 329 3412 et
341 3359 447 3427 scripsi.
468 3357 499 3411 at
507 3356 540 3410 P.
580 3360 612 3409 11
632 3354 807 3424 conspicatus
815 3355 873 3410 Me.
894 3352 1053 3409 continatus
1063 3353 1099 3407 P.

86 3432 120 3481 21
146 3428 289 3483 videretur
317 3430 380 3484 add.
406 3427 480 3483 Keil.
552 3431 585 3482 22
611 3427 744 3482 adscensu
772 3427 879 3495 scripsi.
912 3441 1031 3481 accenso
1062 3423 1097 3478 P.

86 3502 121 3551 24
139 3513 253 3567 quaqua
271 3499 376 3569 raptim
392 3500 450 3553 Mr.
470 3515 640 3567 quamquam
654 3498 757 3568 partim
773 3497 807 3552 P.
844 3502 879 3551 26
898 3511 932 3551 eo
950 3495 1026 3563 quod
1040 3494 1099 3549 Mr.

85 3567 139 3622 nisi
157 3568 234 3636 quod
253 3569 285 3623 P.
359 3574 392 3624 29
412 3570 576 3639 subpetiata
593 3571 699 3640 scripsi.
723 3567 865 3639 subpetita
884 3567 919 3622 P.
