2362 3938
404 119 536 176 OBITUS
553 120 775 178 ALEXANDRI.
1030 122 1094 188 129

78 284 293 349 imminentis.
329 283 438 367 Atque
456 283 528 348 ideo
548 306 639 348 arma
657 285 786 368 quidem
805 307 902 368 quam
921 307 1095 370 properan-

77 373 206 438 tissime
226 372 384 455 capimus3
408 371 527 435 mando
546 394 622 436 vero
643 373 734 457 ignes
758 394 855 456 quam
878 375 1036 440 maximos
1061 378 1094 439 et

78 461 293 527 creberrimos
316 460 387 524 fieri
411 460 563 544 silvisque
591 461 670 545 ipsis
698 461 899 547 conflagrare
927 462 1093 529 facillimis

77 549 216 614 immitti
242 548 398 613 incendia.
444 547 532 623 Quae
560 570 611 613 res
643 550 704 613 etsi
731 550 908 633 plurimum
936 555 1094 634 quantum

77 641 194 703 contra
213 637 454 701 multitudinem
474 637 654 702 bestiarum
678 638 832 722 opitulari
854 639 1119 722 trepidantibuss

77 729 218 811 poterat,
241 726 360 790 invitat
382 730 493 790 tamen
511 726 680 791 nimietate
698 727 830 791 luminis
854 727 1011 810 plurimas
1034 727 1093 793 illo

77 814 285 897 contendere3
309 814 404 897 idque
423 817 586 879 certamen
605 813 639 877 in
658 836 696 880 eo
715 836 817 899 usque
835 815 931 880 novis
950 815 1091 881 vitandis

78 902 232 988 periculis
251 901 321 985 fuit,
341 903 443 966 donec
462 903 558 967 lunae
577 923 649 967 cum
669 925 786 969 occasu
805 905 956 969 umbrata
973 905 1092 969 tellure

78 992 253 1074 effusisque
272 989 415 1055 tenebris
435 990 477 1054 ad
495 996 650 1056 consueta
664 993 820 1057 silvarum
837 993 965 1078 refugia
980 1014 1118 1059 omnese

77 1082 155 1144 illae
180 1079 305 1143 bestiae
328 1083 519 1145 remearent.
563 1077 639 1144 Non
663 1081 754 1165 prius
781 1085 890 1146 tamen
914 1085 1094 1147 memorata
1112 1092 1132 1144 3.

79 1169 233 1233 saevities
258 1167 472 1231 animantium
500 1168 645 1251 receptui
668 1170 820 1254 consulit,
850 1192 948 1255 quam
970 1171 1002 1235 id
1026 1171 1094 1236 ani-

79 1259 146 1321 mal
180 1257 436 1339 supervenisset,
469 1256 553 1339 quod
585 1276 723 1341 regnum
755 1259 885 1341 quidem
917 1263 1026 1324 tenere
1058 1260 1094 1324 in

78 1347 177 1409 hasce
202 1345 323 1409 bestias
348 1345 479 1431 dicitur;
505 1344 636 1409 nomine
665 1349 773 1410 autem
796 1347 1093 1432 odontctyrannum

78 1436 208 1499 vocant.
250 1433 340 1498 Haec
358 1433 463 1498 bestia
482 1432 565 1497 facie
589 1434 783 1516 elephantus
803 1435 931 1518 quidem
955 1440 1015 1519 est,
1038 1435 1094 1500 sed

79 1522 304 1607 magnitudine
335 1521 433 1585 etiam
464 1522 560 1586 huius
592 1523 766 1587 animantis
799 1524 898 1607 longe
929 1526 1094 1607 provecta,
1108 1543 1132 1586 rs

80 1632 139 1675 nec
162 1611 270 1674 minor
300 1611 398 1674 etiam
427 1610 628 1675 saevitudine
654 1610 841 1675 hominibus
871 1611 999 1696 egregie
1028 1632 1096 1675 sae·

79 1699 253 1763 vientibus.
306 1697 411 1773 Quare
442 1720 516 1762 cum
545 1703 674 1763 nostros
708 1700 884 1764 incesseret
921 1720 958 1763 ac
992 1698 1094 1763 ferme

79 1788 197 1871 viginti
227 1790 259 1851 et
287 1809 343 1851 sex
372 1787 410 1851 de
439 1788 683 1852 occursantibus
707 1787 794 1852 viros
823 1787 920 1851 morti
943 1786 1094 1870 dedisset,

79 1876 212 1941 tandem
236 1878 347 1939 tamen
370 1876 494 1958 reliqua
517 1875 725 1940 multitudine
748 1876 880 1960 ignibus
904 1875 1093 1940 circumval-

78 1966 165 2029 latur
202 1968 236 2027 et
267 1964 433 2029 sternitur.
487 1962 603 2028 Adhuc
639 1969 749 2029 tamen
792 1964 919 2029 saucius
958 1963 1093 2028 odonto·
1107 1986 1132 2026 ac

79 2059 240 2136 tyrannus
274 2073 347 2115 cum
381 2052 523 2116 indidem
554 2051 682 2136 fugiens
716 2073 818 2137 aquae
850 2053 973 2116 fluenta
1008 2051 1094 2116 inru-

79 2141 184 2224 pisset
202 2141 311 2223 ibique
332 2141 591 2226 exanimavisset‚
614 2141 669 2205 vix
687 2144 907 2206 trecentorum
924 2140 1094 2206 hominum

80 2252 196 2294 manus
219 2229 293 2293 nisu
316 2231 479 2293 extractus
499 2229 537 2293 de
556 2229 687 2294 flumine
708 2233 766 2295 est
803 2228 969 2295 Hactenus
992 2230 1094 2316 igitur

80 2319 189 2383 noctis
213 2318 301 2382 illius
324 2318 419 2382 nobis
443 2318 579 2401 periculi
601 2318 675 2382 finis
698 2317 770 2383 fuit.
1109 2339 1132 2378 rr

172 2405 230 2470 21.
254 2404 365 2490 Longe
389 2409 499 2471 tamen
522 2406 701 2490 molestius,
722 2443 767 2455 —
790 2429 853 2491 quo
877 2407 965 2471 enim
988 2407 1094 2472 caveri
1112 2416 1132 2468 3Ὶ

80 2495 246 2559 difficilius
262 2497 332 2558 erat
345 2530 383 2540 -
396 2494 481 2578 quod
495 2500 571 2578 post
590 2495 706 2561 evenit.
743 2495 899 2561 Tenebris
919 2496 1005 2560 enim
1020 2498 1095 2579 post

82 2605 232 2647 occasum
254 2583 351 2646 lunae
375 2583 485 2647 omnia
505 2583 774 2650 obumbrantibus
802 2585 1024 2668 nyctalopicas
1047 2585 1095 2648 vi·

81 2693 169 2736 seres
190 2672 229 2735 de
249 2672 357 2735 arenis
376 2671 547 2755 profundis
567 2693 730 2757 emergere
749 2694 815 2737 non
833 2673 970 2738 minoris
989 2672 1095 2757 longi·

171 2844 220 2900 20.
255 2851 368 2899 larma
387 2847 472 2913 atque
491 2844 605 2914 quidem
619 2846 652 2900 P.
706 2847 797 2902 letsi
811 2846 882 2901 Mar.
902 2848 932 2901 et
949 2843 1004 2913 ipsi
1018 2843 1095 2899 A.P.

83 2921 98 2969 6
117 2915 223 2970 invitat
240 2919 336 2971 tamen
355 2914 502 2970 nimietate
523 2918 597 2972 Mai.
633 2916 724 2972 invita
745 2922 841 2972 tamen
859 2915 946 2971 animi
965 2915 1041 2969 etate
1060 2913 1097 2968 A.

81 2985 199 3040 invisita
216 2990 311 3041 tamen
329 2985 475 3041 nimietate
488 2988 520 3042 P.
560 2993 575 3042 ‘1
595 2990 738 3042 certamen
747 2987 784 3041 A.
803 2985 943 3042 certandis
954 2985 985 3038 P.
1014 2983 1045 3037 in
1064 2999 1097 3038 ec

82 3057 252 3124 usqueA.P.
272 3073 360 3126 usque
376 3074 407 3111 eo
421 3057 557 3114 inScblec.
583 3058 663 3112 novis
671 3056 745 3112 AP.
764 3056 861 3110 nobis?
899 3054 1018 3109 8d0nec
1033 3069 1097 3107 cum
1124 3111 1127 3115 ,

83 3128 166 3180 lunae
175 3130 210 3183 A.
250 3134 283 3182 10
301 3129 501 3182 remearuntP.
540 3134 572 3182 13
591 3127 684 3182 hasP.
712 3125 824 3182 nomine
835 3127 893 3181 Mr.
912 3121 1096 3203 nornenAP.

85 3202 117 3251 15
137 3201 271 3266 provecta
291 3199 349 3253 Mr.
377 3200 526 3266 provectus
544 3201 580 3251 A.
608 3199 774 3268 praevectus
793 3196 828 3251 P.
884 3202 917 3250 16
936 3194 1097 3249 hominibus

83 3284 133 3322 om.
152 3268 186 3323 P.
225 3275 257 3323 17
280 3268 371 3323 Verba
390 3270 488 3336 ‘quare
504 3300 536 3308 -
553 3274 585 3322 19
600 3267 792 3324 multitudine’
814 3283 863 3322 om.
883 3267 916 3322 P.
959 3270 993 3319 13
1012 3279 1099 3318 mann

83 3338 145 3392 nisu
164 3340 198 3394 P.
226 3339 289 3393 nisu
312 3340 354 3394 del
378 3341 436 3394 Mc.
467 3341 608 3395 extractus
634 3341 706 3394 Mai.
735 3339 860 3393 extracta
882 3338 918 3392 A.
946 3337 1038 3390 tracta
1062 3333 1099 3390 P.

172 3411 220 3465 11.
240 3416 275 3464 16
294 3408 370 3464 enim
379 3411 415 3465 A.
434 3409 563 3479 igiturP.
625 3416 658 3466 17
674 3409 768 3467 onmia
782 3426 832 3466 om.
843 3409 876 3464 P.
903 3405 1097 3478 nyctalopicar

84 3480 190 3550 scripsi.
219 3480 386 3550 nitalopicas
407 3480 441 3534 P.
469 3479 656 3553 ynitalopicas
674 3482 710 3538 A.

137 3579 224 3620 Imus
239 3581 372 3622 Veniemus.
922 3573 938 3624 9
