2376 3938
328 109 620 166 ARGONAUTICON
637 111 746 166 LIBER
764 111 825 166 VII.
1024 112 1086 176 137

14 256 19 264 '
64 253 135 321 siue
155 259 231 319 mori
255 258 463 338 quodcumque
488 258 574 339 uelit3
597 251 707 320 maiora
725 267 866 339 precatur

66 351 216 428 carmina,
239 348 367 407 maiores
385 345 517 407 Hecaten
539 349 690 408 inmittere
713 349 796 409 uires

66 455 152 498 nuuc
175 435 245 517 sibi,
268 453 324 495 nec
347 436 426 495 notis
450 434 546 496 stabat
568 443 710 496 contenta
732 437 865 496 uenenis.

66 527 202 605 cingitur
224 523 294 584 inde
317 525 402 584 sinus
424 531 469 605 et,
492 542 551 603 qua
573 523 712 585 sibtfida
733 526 827 603 magis
850 525 897 585 uis
1035 536 1088 586 355

67 613 165 693 nulla,
186 611 382 673 Prometheae
405 611 510 672 florem
534 613 570 672 de
594 615 737 692 sanguine
761 611 852 672 fibrae

66 702 212 764 Caucasei
233 701 344 781 promit
365 702 512 761 nutritum
528 703 560 760 in
583 703 716 780 gramine
733 702 852 782 montis,

66 808 159 870 quem
174 808 259 851 sacer
281 788 330 850 ille
353 790 440 851 uiues
462 792 541 850 inter
563 792 725 869 tristesque
746 790 870 869 pruinas

20 944 47 959 ἠ
67 882 159 942 durat
181 879 291 958 alitque
315 895 418 959 cruor,
442 896 512 939 cum
534 881 651 939 uiscere
676 877 779 939 uultur
801 877 891 938 adeso

68 967 185 1030 tollitur
209 966 370 1046 eseopulis
394 975 425 1026 et
448 974 547 1027 rostro
569 969 685 1027 inrorat
707 973 820 1046 aperto.
1034 978 1086 1028 300

67 1058 149 1118 idem
172 1074 228 1116 nec
251 1055 332 1134 longi
354 1053 519 1134 languescit
541 1053 651 1116 fluibus
673 1057 740 1116 aeui

66 1144 226 1207 inmortale
250 1145 366 1224 uirens,
388 1144 468 1204 idem
492 1151 550 1206 stat
573 1145 697 1206 fulmina
719 1151 823 1205 contra

10 1296 12 1301 ,
67 1233 171 1294 saluus
194 1241 224 1293 et
246 1234 277 1293 in
300 1233 405 1293 mediis
425 1233 589 1294 florescunt
611 1232 730 1312 ignibus
752 1231 871 1293 herbae.

65 1323 165 1403 prima
186 1320 297 1381 Hecate
312 1319 422 1400 Stygiis
445 1321 581 1382 duratam
603 1322 736 1383 lontibus
758 1320 871 1399 harpen

66 1409 170 1471 intulit
192 1417 223 1469 et
245 1409 357 1470 ualidas
380 1410 636 1489 scopuliseffodit
658 1412 777 1488 aristas3
823 1422 827 1430 “
1030 1419 1083 1469 355

67 1516 140 1560 mox
162 1496 288 1558 famulae
312 1504 475 1558 monstrata
498 1516 598 1579 seges,
621 1515 696 1577 quae
720 1495 853 1575 lampade
875 1494 1012 1555 Phoebes

67 1585 126 1647 sub
150 1586 263 1646 decima
285 1588 354 1665 iuga
377 1585 437 1646 leta
459 1588 545 1647 metit
567 1588 722 1664 saeuitque
745 1602 800 1664 per
822 1599 926 1643 omnes

67 1673 223 1754 relliquias
247 1676 418 1753 saniemque
442 1675 504 1755 dei3
526 1677 618 1754 gemit
639 1675 749 1735 inritus
771 1671 820 1732 ille

67 1761 226 1824 Colchidos
250 1781 301 1823 ora
325 1772 427 1844 tueus3
449 1771 512 1825 toto
535 1771 608 1825 tunc
631 1761 779 1824 contrahit
801 1767 884 1821 artus

19 1920 27 1937 ,
66 1859 170 1913 monte
193 1850 278 1911 dolor
301 1859 486 1932 cunctaeque
510 1860 643 1913 tremunt
666 1850 722 1912 sub
745 1850 819 1911 falce
843 1855 972 1909 catenae.
1031 1860 1084 1910 350

113 1939 235 2001 Talibus
253 1939 357 2001 infelix
380 1948 484 2002 contra
507 1959 561 2001 sua
583 1958 675 2020 regna
698 1940 823 2001 uenenis

66 2027 204 2089 induitur
227 2030 367 2108 noctIque
391 2036 523 2090 tremens
546 2030 677 2091 insertum
699 2045 817 2108 opacae.

67 2116 119 2176 dat
142 2115 276 2177 dextram
299 2134 466 2197 uocemque
489 2117 589 2178 Venus
611 2117 787 2195 blandisque
808 2121 967 2195 pauentem

68 2204 215 2282 adloquiis
237 2208 401 2285 iunctoque
425 2205 516 2267 trahit
537 2224 593 2286 per
615 2208 732 2267 moenia
753 2223 852 2285 passu.

67 2292 165 2371 qualis
187 2294 283 2355 adhuc
301 2302 423 2356 teneros
444 2296 595 2356 insuetum
617 2294 725 2375 pallida
747 2294 826 2355 letus
1030 2302 1083 2352 375

67 2388 164 2442 mater
187 2382 223 2443 ab
246 2381 364 2444 excelso
386 2383 528 2463 produxit
549 2385 579 2444 in
604 2384 724 2445 aethera
746 2383 816 2443 nido

66 2469 265 2549 hortaturque
289 2473 375 2550 sequi
397 2470 600 2552 breuibusque
623 2475 779 2552 insurgere
801 2471 910 2551 pinnis,

66 2556 135 2617 illos
158 2559 287 2644 caerulei
309 2560 425 2639 primus
441 2561 517 2621 ,serit
539 2560 647 2622 horror
670 2559 795 2642 Olympi,

67 2648 186 2721 iamque
209 2645 307 2705 redire
330 2655 436 2725 rogant
458 2648 638 2728 adsuetaque
662 2652 816 2729 quaeritur
838 2645 940 2707 arbor:

66 2731 148 2794 haud
171 2731 256 2793 aliter
279 2750 382 2793 333333
405 2752 461 2813 per
482 2739 599 2796 moenia
622 2738 722 2799 detloit
745 2736 828 2798 urbis
1030 2744 1081 2794 380

67 2819 211 2880 incedens
234 2819 397 2898 horreique
420 2820 525 2882 domos
546 2822 649 2884 Medea
672 2825 802 2885 silentes.

66 2909 116 2969 hie
139 2910 249 2970 iterum
271 2915 422 2969 extremae
445 2911 625 2988 nequiquam
643 2913 675 2971 in
697 2911 797 2972 limine
820 2917 923 2989 portae

67 2995 202 3058 substitit
224 2998 319 3078 adque
342 2998 452 3059 iterum
475 2997 565 3058 iletus
587 3001 736 3078 animique
760 2998 859 3078 soluti,

67 3088 259 3165 respexitque
283 3085 369 3146 deam
390 3085 570 3166 paulumque
593 3087 641 3148 his
663 3087 789 3148 uocibus
811 3084 918 3147 haesit:

68 3167 143 3252 ‘ipse
166 3182 251 3254 rogat
274 3182 355 3241 certe
378 3193 486 3253 meque
508 3177 572 3255 ipse
595 3176 733 3256 implorat
754 3174 849 3236 lason.
1028 3181 1081 3233 335

67 3260 185 3323 nullane
209 3263 296 3343 culpa
319 3259 445 3324 subest?
466 3262 548 3326 labes
570 3282 632 3325 nou
654 3264 714 3325 ulla
735 3264 867 3344 pudoris,

65 3348 167 3410 nullus
190 3348 295 3412 amor?
317 3369 374 3412 nec
396 3359 484 3431 turpe
507 3355 574 3413 uiro
598 3355 713 3414 seruire
735 3345 902 3433 precantii’

64 3436 115 3498 illa
138 3438 211 3499 nihil
234 3447 338 3502 contra
360 3458 511 3520 uocesque
534 3439 684 3521 abrumpit
706 3444 817 3504 inanes.
