2362 3938
313 109 605 165 ARGONAUTICON
622 111 732 183 LIBER
752 111 811 166 Vll.
1012 113 1073 178 141

50 260 153 339 adque
177 278 231 338 per
253 259 307 318 has
330 261 426 319 nostri
447 260 515 318 iuro
538 258 719 319 discriminis
741 259 844 320 horas:
1023 272 1075 324 500

52 366 200 428 umquam
222 365 278 426 ego
301 348 327 407 si
349 348 457 427 meriti,
480 349 506 407 si
528 349 624 407 noctis
647 365 714 408 sum
736 349 892 410 immemor
915 348 1013 431 liniue,

55 439 137 498 site
161 443 292 517 sceptra,
315 435 450 516 domum,
473 436 499 495 si
523 442 551 495 te
575 435 698 514 liquisse
720 443 862 516 parentes
887 453 890 465 ·

54 527 190 586 senseris
213 533 244 585 et
266 541 314 583 me
336 540 479 602 umquam
501 541 562 584 non
584 523 657 584 haec
680 527 826 604 promissa
848 533 991 607 tuentem,

55 622 121 674 tum
144 632 192 674 me
216 630 276 673 non
299 619 402 673 tauros
425 614 509 673 iuuet
531 614 663 673 euasisse
686 613 826 693 ferosque

56 703 239 782 terrigenas,
262 710 326 760 tum
350 718 397 760 me
421 702 509 761 tectis
531 708 583 761 000
606 700 708 761 turbet
730 705 761 762 10
783 704 857 783 ipsis
1022 715 1074 765 505

54 789 173 850 flamma
196 794 324 867 tuaeque
349 797 442 869 artes3
465 788 564 866 siquid
586 797 651 852 tum
674 792 807 871 saeuius,
830 793 897 851 istis

55 877 168 939 adicias
191 896 299 956 meque
322 880 354 938 10
377 877 475 938 medio
499 884 615 938 terrore
638 877 799 959 relinquas,

57 967 175 1046 ingrato
199 975 288 1046 queat
311 974 342 1027 et
364 965 464 1026 nullus
486 983 664 1027 succurrere
688 962 813 1028 contra'

54 1055 151 1116 audiit
173 1063 262 1134 00000
286 1054 376 1115 simul
397 1056 513 1115 meritis
535 1056 667 1134 periuria
689 1057 795 1135 poenis

57 1143 226 1224 despondet
248 1151 374 1223 questus
398 1160 517 1221 semper
539 1142 636 1204 Furor
657 1144 740 1206 ultus
763 1146 898 1205 amantis.
1024 1155 1077 1206 510

99 1231 182 1293 11000
203 1231 256 1293 uhi
279 1231 372 1312 dicta,
395 1239 495 1292 tamen
517 1241 653 1311 perstant
676 1233 790 1294 defixus
813 1241 951 1315 uterque,

54 1328 87 1382 et
109 1339 191 1381 nunc
214 1338 267 1380 ora
289 1318 392 1381 leuant
413 1319 518 1381 audaci
539 1319 615 1381 10000
638 1323 768 1402 iuuenta,

54 1426 109 1469 ora
132 1408 222 1470 simul
244 1410 355 1469 totiens
378 1407 474 1470 dulcis
498 1410 643 1487 rapientia
666 1413 760 1490 uisus,

55 1514 139 1557 nunc
162 1496 252 1558 deicit
274 1497 378 1558 uultus
401 1514 491 1576 aeger
511 1496 609 1576 pudor
632 1505 663 1557 et
684 1515 769 1559 mora
791 1496 879 1557 dictis

56 1585 204 1647 redditur.
226 1594 257 1646 at
279 1603 387 1646 rursus
405 1584 553 1665 conpellat
575 1584 679 1646 lasona
701 1587 801 1664 uirgo:
1023 1595 1075 1645 505

56 1669 187 1755 accipe,
209 1673 385 1752 perdomitis
408 1691 483 1752 quae
507 1673 613 1734 deinde
637 1673 769 1753 pericula
792 1674 886 1733 tauris

59 1764 179 1841 etquis
201 1763 233 1822 in
255 1762 356 1823 Aeolio
379 1770 497 1822 maneat
518 1769 549 1822 te
573 1761 684 1823 uellere
708 1769 822 1841 custos3

57 1850 193 1912 nondum
216 1859 324 1911 cuncta
347 1850 415 1932 tibi,
438 1851 547 1932 fateor,
569 1853 716 1930 promissa
738 1851 849 1930 peregi

56 1940 182 2000 saeuior
205 1940 320 2017 ingenti
341 1938 485 2000 Mauortis
507 1940 539 1999 in
561 1937 667 2000 arbore
691 1947 796 2020 restat,
1060 1990 1071 2009 ,

53 2022 161 2108 crede,
184 2025 281 2108 labor3
304 2029 462 2107 temptanti
484 2029 599 2088 utinam
622 2027 729 2089 fiducia
752 2029 848 2088 nostri
1025 2037 1078 2088 520

57 2117 98 2175 sit
120 2115 194 2176 mihi
217 2122 443 2195 nocturnaeque
466 2114 594 2176 Hecates
616 2119 772 2195 nostrique
796 2110 931 2194 uigoris?

56 2203 187 2284 dixerat,
209 2211 303 2283 utque
327 2206 427 2265 uirum
451 2203 567 2286 doceat,
591 2223 666 2283 quae
690 2212 825 2265 monstra
848 2205 1010 2284 supersint,

59 2293 201 2371 protinus
223 2294 376 2353 immensis
399 2292 592 2357 recubantem
614 2293 796 2355 anfractibus
819 2311 945 2372 anguem

58 2379 164 2441 turbat
186 2388 217 2441 et
239 2379 395 2442 Haemonii
417 2380 516 2442 subito
539 2381 624 2443 ducis
647 2381 738 2444 obicit
761 2381 904 2443 umbram.

59 2466 128 2549 ille,
152 2468 232 2548 quod
254 2468 333 2530 haud
357 2469 441 2550 alias,
465 2471 548 2531 stetit
571 2478 602 2531 00
623 2472 802 2551 trepidantia
823 2472 913 2532 torsit
1028 2481 1080 2531 525

61 2555 163 2636 sibila,
187 2555 280 2635 seque
302 2566 385 2618 metu
408 2565 565 2638 postquam
589 2577 642 2620 sna
665 2560 777 2621 uellera
800 2563 915 2620 circum

60 2644 185 2705 sustulit
208 2645 304 2724 adque
327 2648 424 2727 omnis
447 2647 537 2726 spiris
560 2646 716 2709 exhorruit
738 2647 836 2729 arbor,

60 2733 169 2812 incipit
191 2732 261 2794 inde
284 2737 371 2813 sequi
394 2743 424 2795 et
446 2751 557 2795 uacuas
579 2735 653 2795 furit
675 2754 728 2796 ore
750 2754 806 2815 per
828 2753 924 2796 auras.

61 2815 144 2898 ‘quis
167 2821 267 2901 fragor
290 2819 362 2883 hic?
384 2840 530 2901 quaenam
552 2828 664 2903 tantae,
687 2823 735 2883 dic
758 2827 857 2903 uirgo,
880 2816 1018 2884 ruinae?

61 2908 210 2970 exclamat
232 2913 338 2972 stricto
361 2910 524 2971 Aesonides
546 2917 628 2970 stans
650 2910 777 2989 frigidus
800 2929 880 2970 ense.
1028 2920 1081 2970 530

58 2995 110 3056 illa
134 2996 207 3058 abiit
228 2999 331 3060 ridens
354 2998 533 3078 tandemque
557 3000 598 3058 ait
620 3016 715 3077 angue
739 3016 892 3077 represso:

55 3079 150 3146 ‘hunc
174 3085 229 3146 tihi
251 3095 439 3166 postremum
462 3088 559 3148 nostri
581 3094 666 3167 parat
687 3089 731 3147 ira
753 3089 896 3167 parentis,

53 3171 118 3233 hen
140 3176 245 3257 miser,
267 3175 328 3235 heu
351 3178 443 3236 tantis
466 3178 576 3237 iterum
599 3176 747 3255 carpende
770 3175 898 3254 periclis.

54 3279 74 3320 o
98 3264 214 3322 utinam
237 3281 255 3323 ο
278 3262 360 3323 00110
385 3270 415 3324 00
439 3266 496 3324 sim
519 3266 623 3324 uisura
646 3263 747 3324 labore

54 3350 152 3427 ipsam
174 3351 320 3412 caeruleis
341 3351 530 3430 squalentem
552 3351 679 3413 nexibus
702 3370 809 3412 ornum
1024 3362 1076 3413 535

54 3439 179 3517 ipsaque
202 3440 357 3518 peruigilis
382 3439 495 3499 calcare
520 3439 672 3500 uolumina
695 3442 830 3520 monstri,
