2362 3938
113 173 157 236 34
457 171 486 226 O.
505 170 644 225 VALERI
661 172 791 227 uhtedi

113 323 210 399 surgit
231 329 266 380 ut
288 320 403 380 auditas
426 320 562 381 referens
585 322 617 380 in
639 322 756 398 gurgite
780 340 879 381 uoces.

114 403 246 488 ‘portum
270 403 386 469 demus'
410 411 462 490 ait,
487 404 571 468 ‘haec
594 408 729 489 dextera,
753 409 879 491 credite,
901 412 1012 490 puppis

113 498 235 559 aduenit
258 505 288 558 et
310 496 550 560 melior-Lemno
575 498 648 556 deus
671 515 801 576 aequore
824 498 907 559 llexit

113 586 172 647 huc
195 585 320 666 Minyas3
344 584 443 646 Venus
466 588 531 664 ipsa
554 585 659 645 uolens
682 585 732 646 dat
755 605 880 666 corpora
903 587 996 668 iungi,

114 675 185 735 dum
208 677 289 735 uires
313 682 400 734 utero
424 680 617 751 maternaque
641 674 751 734 sufficit
774 670 874 736 aetas?
1080 688 1131 737 325

114 764 192 825 dieta
213 763 333 843 placent
354 770 513 842 portatque
536 780 641 842 preces
665 762 701 822 ad
723 762 811 823 litora
834 763 919 823 Grais

112 852 249 932 lphinoe3
272 870 328 912 neo
352 851 439 911 turba
462 869 574 910 nocens
598 849 779 929 scelerisque
803 854 933 912 recentis

113 943 197 1020 signa
219 948 355 1021 mouent,
378 938 514 1017 tollitque
534 937 591 998 loci
615 938 760 1018 Cytherea
784 943 930 1001 timorem.

464 1061 660 1139 *³⁸*

111 1188 250 1266 protinus
273 1187 424 1264 ingentem
446 1203 606 1263 procerum
629 1185 686 1245 sub
709 1187 828 1246 nomine
852 1193 973 1248 taurum

113 1276 216 1356 deicit,
238 1275 364 1333 insuetis
388 1280 418 1333 et
440 1275 498 1332 iam
520 1275 569 1351 pia
592 1292 717 1334 memora
739 1272 857 1352 templis
1079 1291 1131 1339 330

112 1363 210 1441 reddit
234 1369 264 1422 et
286 1361 340 1421 hac
363 1363 459 1440 prima
482 1359 606 1422 Veneris
630 1362 706 1422 calet
730 1380 779 1422 ara
801 1364 937 1423 iuuenca.

157 1467 285 1530 Ventum
308 1475 371 1528 erat
394 1467 430 1528 ad
453 1487 573 1548 rupem,
597 1471 684 1528 cuius
706 1469 866 1547 pendentia
884 1470 978 1547 nigris

112 1559 228 1619 lumant
250 1576 319 1618 saxa
341 1558 419 1636 iugis
443 1558 641 1635 coquiturque
665 1556 827 1636 uaporibus
851 1576 909 1617 aer.

105 1646 247 1729 ‚substitit
269 1645 447 1726 Aesonides,
470 1647 565 1724 adque
588 1646 637 1705 hie
660 1649 763 1725 regina
784 1648 902 1724 precari

53 1735 72 1782 ἓ
112 1735 249 1795 hortatur
273 1752 435 1813 causasque
459 1735 570 1794 docens
595 1729 677 1794 ‘haec
701 1741 786 1794 antra
808 1734 918 1794 uidetis
1077 1747 1127 1796 335

113 1818 307 1902 Vulcanique'
331 1825 371 1883 311
395 1818 475 1883 ‘eece
500 1823 617 1882 domos:
640 1822 707 1882 date
731 1824 801 1883 uina
823 1841 999 1900 precesque.

113 1912 236 1972 forsitan
260 1911 298 1971 ob
323 1929 441 1971 sacrum
461 1918 556 1971 taceat
578 1913 637 1971 iam
660 1910 772 1979 fulmen
794 1914 826 1971 in
849 1918 947 1991 antro;

113 2019 171 2060 nor
195 1999 277 2061 dabit
298 2003 363 2079 ipsa
386 2000 488 2061 fidem:
511 1999 627 2060 clausae
651 2006 715 2073 tum
738 2018 892 2060 murmura
914 1999 1059 2082 flammae,

112 2089 236 2171 hospes,
260 2096 291 2149 et
312 2091 449 2149 incussae
473 2090 604 2149 sonitum
627 2088 773 2149 mirabere
797 2083 932 2148 massae'

111 2179 229 2237 moenia
251 2184 315 2237 tum
338 2179 479 2255 uiresque
502 2177 560 2237 loci
584 2184 762 2256 ueteresque
786 2183 944 2255 parentum
1075 2190 1128 2238 3411

111 2269 201 2326 133131
224 2284 304 2344 opes.
351 2265 457 2326 mediis
480 2264 606 2325 famulae
630 2268 769 2325 conuiuia
792 2267 878 2325 tectis

112 2353 287 2432 expediunt3
311 2353 399 2433 Tyrio
424 2352 523 2413 uibrat
546 2360 630 2413 torus
653 2355 759 2432 igneus
783 2361 873 2413 ostro.

64 2456 68 2462 ·
112 2448 170 2501 3131
191 2459 328 2501 maerens
352 2448 454 2501 atauos
478 2459 564 2519 reges
587 2459 732 2520 regesque
757 2444 878 2502 maritos

111 2528 256 2589 Thraessa
280 2547 399 2609 manue,
423 2547 628 2607 quaecumque
652 2531 732 2590 faces
755 2532 890 2590 timuisse
914 2529 1027 2609 iugales
1156 2588 1159 2595 .

111 2618 224 2678 eredita
246 2635 302 2676 nec
326 2616 461 2676 dominae
486 2624 621 2677 sanctum
644 2620 777 2697 tetigisse
801 2618 906 2679 cubile.
1074 2633 1130 2682 343

110 2707 169 2765 iam
191 2705 323 2765 medium
345 2704 520 2785 Aesonides,
543 2707 601 2765 iam
625 2724 656 2765 se
679 2708 781 2786 regina
804 2706 922 2788 locauit,

110 2800 178 2872 post
201 2793 250 2854 3111
272 2812 428 2874 proceres;
452 2797 544 2853 sacris
568 2793 639 2854 darm
663 2797 795 2856 uincitur
819 2799 894 2855 extis

109 2884 206 2961 prima
229 2883 333 2964 fames,
357 2885 470 2942 circum
493 2884 604 2963 pateris
627 2885 651 2943 it
673 2883 808 2944 bacchus
832 2892 862 2944 et
884 2886 981 2944 omnis

111 2971 176 3032 31113
200 2971 279 3052 silet,
302 2971 427 3050 dapibus
453 2975 567 3051 coeptis
590 2991 658 3034 mox
682 2980 816 3052 tempora
839 2972 945 3033 lallnnt

111 3062 207 3120 noetis
231 3067 261 3120 et
283 3063 314 3119 in
338 3079 419 3121 seras
443 3061 552 3121 durant
575 3061 762 3122 sermonibus
785 3061 914 3122 umbras.
1075 3076 1132 3126 350

110 3151 330 3227 praecipueque
355 3150 439 3209 ducis
463 3169 549 3209 casus
572 3153 677 3210 mirata
700 3153 828 3229 requirit

109 3233 282 3317 Hypsipyle,
306 3255 364 3314 quo
388 3238 447 3297 1313
470 3237 601 3319 trahant,
624 3256 699 3315 quae
722 3240 802 3315 regis
826 3246 892 3315 agat
915 3239 971 3318 uis,

109 3329 161 3382 aut
183 3325 261 3384 unde
285 3323 463 3385 Haemoniae
487 3325 595 3384 molem
617 3327 704 3386 ratis:
727 3328 816 3385 unius
838 3324 942 3385 haeret

109 3408 247 3488 adloquio
272 3420 302 3471 et
324 3411 448 3473 blandos
470 3412 612 3491 paulatim
636 3412 747 3490 colligit
769 3414 853 3490 ignes

105 3498 167 3558 iem
189 3515 249 3557 non
273 3499 347 3558 dura
370 3502 444 3560 toris
467 3499 575 3560 Veneri
598 3519 653 3560 nee
676 3503 777 3578 iniqua
799 3517 949 3561 reuersae.
1073 3516 1129 3566 355
