2362 3938
121 191 184 255 126
256 141 264 154 .
536 188 645 244 mana
663 189 709 243 III.

119 351 291 417 admodum
315 356 348 418 et
369 351 565 435 inopinabili
593 351 829 436 magnitudine,
854 373 952 435 quam
980 353 1129 418 ebdoma·

117 441 232 505 darion
261 445 399 522 vocant,
430 441 510 505 adeo
541 441 692 504 immensi
721 440 865 522 portenti
894 461 980 524 rem,
1013 446 1051 506 ut
1083 442 1130 505 illi

117 529 272 613 perfacile
302 529 491 594 insistentes
522 529 620 592 etiam
650 549 747 611 super
776 528 907 592 dorsum
939 530 1129 614 elephantos

118 639 331 684 cerneremus.
376 615 446 680 Hac
469 616 572 700 igitur
591 617 767 700 spectaculi
784 616 941 681 foeditate
965 623 1048 683 moti
1070 619 1131 681 iter

91 706 160 770 aad
183 706 370 771 Prasiacam
392 705 596 789 repedemus,
624 726 682 788 per
710 727 791 789 quas
817 704 935 788 ubique
959 708 1131 772 vastitates

99 796 222 860 'multa
253 795 396 859 ferarum
426 794 559 859 nomina
589 793 773 877 multasque
804 794 962 859 eiusmodi
992 795 1129 861 saevitu-

118 884 203 948 dinis
233 884 333 948 facies
366 885 436 947 erat
467 880 589 965 videre,
622 881 821 964 serpentium
852 904 981 966 quoque
1012 905 1130 969 genera

117 971 332 1055 permiranda.
368 970 441 1035 Illic
459 973 492 1033 et
511 970 589 1034 solis
608 970 766 1052 lunaeque
785 969 928 1034 defectus
948 972 1129 1036 cornminus

118 1061 217 1124 etiam
237 1059 394 1143 speculati
418 1079 529 1122 sumus
552 1062 585 1123 et
608 1079 738 1122 causam
756 1058 872 1122 hiemis
894 1064 927 1124 et
944 1065 1129 1145 temporum

76 1168 103 1208 ιο
118 1146 317 1212 differentias
350 1145 510 1210 arbitrati.
566 1145 636 1221 Quo
669 1146 809 1229 primum
841 1148 963 1212 reversi
970 1199 980 1232 ‚
1011 1153 1049 1214 ut
1082 1148 1129 1211 in·

116 1239 227 1318 specta
251 1239 335 1317 sunt,
357 1256 417 1299 vos
441 1255 567 1317 quoque
590 1235 784 1319 participare
808 1237 1001 1301 curabimus.

207 1321 263 1387 17.
295 1321 391 1387 Nunc
414 1323 501 1386 enim
524 1322 619 1387 nobis
642 1323 706 1387 iter
728 1344 786 1406 per
809 1345 911 1409 regna
934 1324 1027 1389 Darii
1049 1323 1125 1388 Per·
1143 1333 1177 1385 2:

116 1432 232 1494 sasque
249 1415 381 1476 nostros
405 1411 564 1496 agitatur3
587 1433 684 1494 quam
708 1433 782 1476 cum
806 1433 934 1477 omnem
952 1434 1129 1498 peragrare

115 1501 282 1586 regionem
306 1499 394 1564 cordi
416 1500 605 1583 habeamus,
628 1500 732 1564 multo
755 1500 876 1584 ubique
900 1523 980 1566 auro
1003 1502 1127 1566 multis-

76 1608 102 1650 1s
117 1610 179 1673 que
212 1589 391 1654 crateribus
424 1588 642 1672 abundamus,
676 1610 741 1653 non
772 1589 825 1653 his
859 1610 897 1654 ex
930 1590 999 1654 auri
1031 1590 1126 1655 modo

116 1679 255 1743 materia
277 1677 443 1762 pretiosis,
471 1699 584 1741 verum
610 1678 709 1762 longe
736 1677 879 1761 lapidum
904 1679 974 1743 luce
997 1679 1126 1743 maiori-

114 1766 185 1830 bus.
230 1764 344 1850 Neque
367 1770 476 1830 tamen
497 1766 593 1831 nobis
619 1767 684 1830 alia
706 1788 832 1851 quoque
860 1767 901 1830 ab
924 1767 987 1832 hoc
1010 1787 1126 1852 genere

115 1854 303 1919 divitiarum
322 1855 541 1920 instrumenta
559 1859 636 1919 sunt
653 1855 789 1920 minora.
821 1853 882 1919 Sed
897 1855 950 1920 hic
964 1856 1126 1938 circuitus,

115 1943 154 2006 de
177 1965 241 2026 quo
264 1943 412 2029 dicimus,
436 1965 456 2007 a
478 1944 582 2026 portis
602 1942 731 2026 Caspiis
754 1943 825 2007 fieri
848 1947 980 2027 coeptus
1003 1943 1125 2008 laboris

75 2051 101 2090 ao
116 2035 173 2096 aut
195 2032 283 2095 vitae
312 2031 514 2097 eiuscemodi.
560 2029 625 2095 Ubi
646 2035 826 2096 ‘coenatum
853 2033 1006 2096 exercitui
1034 2032 1127 2114 foret,

57 2121 61 2124 ’
114 2119 226 2182 statim
251 2119 382 2203 signum
405 2119 475 2183 dari
498 2119 634 2183 classico
658 2123 692 2182 et
715 2118 756 2182 ad
774 2140 942 2202 vesperam
965 2120 1041 2183 iniri
1064 2121 1127 2183 iter

113 2205 301 2289 oportebat3
327 2206 424 2288 idque
447 2205 537 2269 horis
561 2205 661 2270 ferme
684 2207 853 2270 nocturnis
876 2205 981 2268 tribus
1005 2207 1125 2288 agitari

113 2295 320 2375 convenerat,
351 2314 407 2356 sex
435 2313 512 2357 vero
540 2292 785 2376 insequentibus
815 2292 905 2356 horis
933 2313 1047 2355 somno
1075 2293 1123 2354 in-

112 2379 258 2464 dulgere3
282 2400 456 2462 rursusque
480 2380 563 2443 exim
587 2380 627 2444 ad
649 2380 765 2444 horam
788 2380 851 2444 dici
874 2381 1024 2461 quartam
1047 2380 1124 2443 reli-

72 2487 210 2552 aequum
244 2466 343 2550 spatii
373 2467 686 2532 transmittebamus.
741 2465 805 2531 Sed
838 2465 924 2531 enim
955 2468 1123 2534 viantibus

111 2577 177 2621 non
204 2555 342 2639 simplex
369 2555 501 2620 habitus
528 2576 632 2640 neque
660 2555 822 2620 incuriosa
848 2555 987 2622 munitio
1015 2557 1125 2622 fuerat

110 2644 301 2709 necessaria.
347 2643 527 2708 Peronibus
556 2645 675 2730 quippe
703 2666 797 2709 crura
824 2645 934 2709 omnia
961 2647 1122 2730 pedesque

111 2732 229 2798 muniri
265 2734 299 2795 et
333 2731 544 2796 femoralibus
582 2733 631 2796 uti
669 2733 798 2817 pellinis
835 2736 1010 2820 oportebat
1047 2735 1122 2801 reli-

112 2842 273 2906 quumque
305 2842 422 2905 corpus
455 2819 578 2885 ambire
611 2820 737 2902 loricis,
773 2824 859 2909 quod
895 2824 973 2888 illae
1010 2845 1122 2889 omnes

204 3057 216 3103 1
237 3049 455 3104 ebdomadarion
475 3047 509 3103 P.
538 3047 720 3104 ebdomarion
738 3050 773 3104 A.
824 3049 981 3104 2inmensi
998 3049 1122 3118 portenti

111 3139 171 3176 rem
189 3122 221 3176 P.
250 3120 341 3174 mensi
357 3117 544 3190 potentiarem
563 3120 598 3174 A.
644 3120 733 3174 theo
751 3121 787 3175 A.
815 3122 867 3176 hec
886 3122 918 3175 P.
970 3118 1121 3186 trepada-

111 3211 172 3248 mus
191 3193 227 3246 A.
269 3189 456 3272 dsevitudini
469 3191 503 3246 P.
541 3196 690 3244 trausam
705 3191 739 3246 P.
763 3206 861 3246 causas
880 3194 915 3246 A.
960 3195 991 3242 11
1012 3188 1122 3243 curabi-

111 3282 173 3318 mus
190 3280 301 3389 siitpstt
321 3261 537 3387 ddirirmdiblsPi'
546 3260 588 3386 11³5
607 3347 676 3386 auro
695 3331 731 3385 A.
769 3335 802 3383 18
820 3330 867 3384 hic
886 3330 986 3385 circuit
1004 3332 1040 3382 A.
1057 3330 1120 3410 ‘hec

111 3403 243 3458 circuitus
262 3405 295 3458 P.
374 3409 406 3458 19
426 3419 480 3471 quo
500 3403 581 3472 optus
599 3402 711 3456 laboras
731 3403 780 3455 aut
797 3401 874 3455 vitae
893 3400 1065 3456 eiuscemodi
1084 3401 1119 3452 A.

110 3475 207 3541 ceptus
226 3474 330 3528 laboris
349 3478 399 3529 aut
415 3475 475 3529 vite
493 3472 687 3528 huiuscemodi
698 3473 732 3527 P.
768 3477 803 3527 23
821 3471 1032 3541 insequentibus
1047 3470 1119 3524 Mai.

109 3543 282 3610 insequentis
301 3544 336 3598 A.
345 3545 379 3598 P.
