2362 3938
103 185 146 249 50
532 182 643 238 LIBER
660 181 681 235 Ι.

191 344 250 411 40.
283 344 365 410 ‘Rex
385 344 568 410 Alexander
585 346 689 428 patris
709 343 859 427 Philippi,
878 346 994 410 matris
1030 351 1175 408 XXXVIII.

103 433 314 519 Olympiadis,
327 435 399 521 regi
412 455 527 519 regum
541 436 574 497 et
588 433 771 498 consessori
787 433 838 498 dei
853 432 995 500 Mithrae
1011 435 1121 500 simul·
1138 439 1174 490 46-

103 546 164 609 que
184 545 259 590 cum
278 525 345 588 sole
364 523 491 605 orienti,
514 522 655 587 maximo
675 521 848 586 Persarum
868 523 999 588 domino
1019 523 1120 590 Dario

104 612 244 678 salutem
268 613 355 679 dicit.
393 612 501 697 Turpe
519 610 600 675 mihi
625 610 796 675 admodum
816 611 918 675 videri
943 609 1027 677 solet
1049 617 1121 678 tan-

71 719 84 762 s
104 705 176 767 tum
195 722 306 787 regem
324 700 460 766 Darium
484 703 517 764 et
539 699 628 764 hisce
648 699 771 765 viribus
791 699 959 786 confisum,
978 701 1122 785 deorum,

105 794 143 855 ut
164 791 341 876 praedicat,
364 809 597 866 consessorem,
621 788 682 852 sub
706 786 866 852 dicionem
890 789 1122 875 homullorum,

104 884 142 945 ut
160 884 259 965 retur,
279 875 572 961 contemptibilium
592 876 803 941 deventurum
827 881 860 940 et
883 878 970 942 inter
990 900 1045 943 eos
1065 880 1121 944 ab·

104 970 189 1034 iacto
209 967 335 1034 cuidam
355 987 392 1030 ac
410 965 533 1030 latroni
548 964 735 1029 Alexandro
755 967 961 1031 serviturum.
995 966 1122 1052 Quippe

105 1057 169 1122 ista
189 1054 431 1140 magnificentia
449 1053 619 1118 nominum
637 1055 693 1119 ubi
713 1055 811 1119 semel
830 1055 971 1138 cuipiam
992 1056 1036 1120 sit
1050 1078 1121 1139 per-

65 1164 91 1205 ro
106 1165 216 1227 suasa,
243 1164 380 1226 corpore
403 1142 611 1207 membratim
634 1143 687 1207 vel
712 1143 845 1224 spiritus
870 1144 1039 1228 eriguntur
1062 1146 1121 1208 im-

103 1231 303 1316 prudentius.
355 1229 479 1314 Magno
510 1230 614 1295 dolori
641 1231 702 1295 tibi
728 1231 795 1295 fore
823 1231 902 1313 ista,
934 1254 1017 1316 quae
1047 1257 1121 1317 pro-

103 1319 307 1403 nuntiantur,
320 1318 486 1404 intellig03
502 1341 539 1384 ae
550 1319 578 1383 si
589 1340 729 1403 superna
745 1320 896 1385 caelitum
906 1321 954 1384 vis
966 1322 1122 1387 abusione

102 1408 291 1473 huiusmodi
318 1408 354 1470 in
382 1407 540 1472 ultionem
567 1407 785 1473 contumeliae
815 1430 893 1473 suae
920 1409 1018 1474 facile
1047 1433 1121 1475 oon·

106 1497 220 1584 surgit,
240 1496 387 1581 equidem
407 1518 501 1580 spero
521 1496 630 1579 priora
649 1518 729 1581 esse,
749 1518 831 1580 quae
851 1499 1004 1581 spondeo,
1024 1521 1122 1584 quam

65 1606 188 1670 requae
211 1589 247 1649 tu
271 1585 415 1650 minaris.
463 1582 569 1661 Quare
593 1584 689 1651 adero
718 1589 755 1649 ut
778 1587 927 1650 mortalis
950 1589 1122 1652 mortalem

105 1674 296 1740 violentiam
332 1677 539 1758 experturus,
573 1673 860 1760 inclinationisque
895 1676 963 1740 eius
998 1677 1048 1741 vis
1085 1699 1122 1742 ac

103 1765 252 1846 potestas
285 1767 336 1827 est
367 1784 467 1846 penes
500 1785 644 1847 superos.
689 1763 775 1829 Nam
808 1763 889 1828 illud
922 1786 1043 1848 quaeso
1076 1770 1122 1830 te:
1140 1777 1179 1828 47¹

105 1871 259 1935 quorsum
278 1854 373 1916 tanto
397 1873 494 1936 opere
518 1855 709 1937 congestum
729 1856 780 1917 est
801 1853 921 1917 aurite
942 1859 975 1917 et
993 1856 1123 1941 argenti

105 1938 222 2024 opibus
243 1941 415 2006 aestuare?
453 1939 506 2005 An
529 1944 567 2005 ut
588 1942 641 2005 his
664 1942 815 2025 cognitis,
838 1941 866 2005 si
889 1942 986 2007 modo
1011 1965 1123 2008 eorum

64 2047 198 2093 memor
225 2029 324 2094 nobis
350 2034 414 2114 est,
442 2051 499 2113 spe
526 2030 665 2114 praedae
691 2029 888 2094 obstinatius
913 2034 946 2093 et
969 2031 1124 2096 audacius

105 2117 356 2183 dimicaremus?
387 2122 482 2200 atque
516 2117 592 2181 hinc
627 2118 702 2201 fiat,
733 2120 771 2182 ut
800 2122 953 2199 superato
984 2121 1017 2181 te
1047 2120 1125 2185 hinc

106 2204 237 2289 quidem
260 2205 357 2269 nobis
385 2207 420 2270 in
443 2225 612 2269 commune
636 2207 788 2288 quaestus
811 2207 845 2268 et
867 2205 1124 2271 emolumentum

104 2293 261 2359 victoriae
283 2293 351 2376 fiat,
374 2293 455 2357 mihi
474 2314 550 2358 vero
575 2291 673 2377 istud,
696 2313 760 2375 quo
783 2295 854 2356 tute
872 2292 1022 2376 gloriare,
1044 2293 1123 2358 Per-

106 2379 194 2446 sidos
218 2384 353 2446 cunctae
376 2381 529 2464 orbisque
551 2381 655 2446 totius
678 2379 809 2445 secedat
827 2380 1024 2464 imperium?
1064 2383 1124 2448 Sin

66 2468 168 2534 sstibi
195 2469 289 2551 [fors]
314 2468 449 2551 faverit,
476 2468 615 2535 nihilum
641 2467 779 2552 amplius
805 2489 903 2552 quam
929 2490 1123 2552 oppressum

105 2557 316 2624 latrocinium
339 2556 556 2640 gratulabere.
599 2555 691 2620 Adde
713 2576 799 2621 nuno
821 2556 912 2642 illud,
935 2559 1065 2624 misisse
1089 2564 1123 2623 te

106 2646 188 2711 mihi
219 2646 380 2712 habenam
412 2666 509 2710 unam
539 2645 590 2709 rel
618 2643 719 2728 pilam
749 2643 939 2731 loculosque
969 2648 1040 2712 auri
1073 2670 1123 2712 re-

105 2734 220 2800 fertos:
246 2734 285 2799 de
304 2734 422 2817 quibus
440 2731 589 2817 quamvis
610 2735 656 2812 tu,
679 2753 762 2816 quae
785 2733 857 2799 viss
875 2735 1008 2820 fuerint,
1031 2737 1123 2802 dicti-

196 2906 246 2963 40.
279 2907 467 2975 lmatrisque
485 2913 513 2961 ἲ.
549 2905 744 2960 emissori
762 2923 832 2962 corr.
851 2925 886 2964 es
904 2912 1069 2966 consensuri
1087 2913 1123 2965 A.

107 2978 237 3049 I'Iurps
257 2978 382 3032 —solet
406 2982 505 3033 om.
594 2975 675 3031 this
698 2974 806 3033 viribus
825 2979 860 3033 P.
897 2978 1070 3048 deorumque
1089 2983 1122 3038 P.

108 3055 337 3105 tcouoessorem
351 3051 387 3103 Α.
434 3050 497 3103 'tet
515 3062 564 3103 ons
580 3046 613 3101 P.
658 3046 800 3117 equippe
818 3048 886 3103 siP.
932 3050 1016 3104 subi
1035 3053 1123 3106 semel

108 3136 160 3175 oca
179 3125 207 3174 τ.
282 3124 315 3174 10
332 3118 475 3175 adeuntur
492 3123 521 3171 τ.
548 3117 659 3197 eriguut
676 3117 752 3170 ΑΡ.
788 3117 995 3187 imprudentius
1014 3127 1041 3173 Τ.
1071 3123 1122 3175 im-

107 3191 289 3260 prudentium
306 3190 384 3247 ΑΡ,
449 3196 481 3244 11
502 3186 749 3265 puonuubaturlff.
811 3194 844 3241 12
862 3188 994 3257 intelluro
1013 3208 1064 3244 ora
1087 3194 1122 3246 P.

110 3267 143 3316 18
163 3261 306 3331 consurgit
319 3261 390 3316 Η),
417 3261 568 3329 consurgat
582 3257 618 3313 A.
660 3259 694 3308 lb·
714 3272 756 3308 ns
773 3270 824 3310 osu
839 3257 874 3311 Δ.
923 3264 958 3312 18
977 3264 1121 3330 congestis

108 3333 171 3387 auri
194 3334 223 3387 et
246 3330 357 3403 argenti
382 3331 482 3413 opibus
504 3329 631 3386 assuero
648 3324 749 3405 W·
831 3332 864 3381 It
883 3330 941 3381 Aut
964 3331 996 3382 ut
1021 3332 1065 3385 his
1084 3335 1120 3386 A.

107 3407 142 3457 28
161 3401 213 3456 fiat
230 3418 300 3459 corr.
320 3419 355 3459 ce
372 3403 428 3458 but
445 3419 464 3459 o
480 3401 564 3457 astu
583 3401 725 3455 musore
742 3410 828 3449 *aaa
840 3398 883 3475 Α..
907 3400 993 3476 ¹quod
1011 3405 1073 3456 tute
1087 3404 1120 3456 P.

107 3477 142 3526 II
162 3473 278 3528 aroadst
292 3474 326 3530 A.
392 3479 429 3529 It
446 3473 504 3529 fors
521 3472 584 3526 auid.
599 3467 668 3524 not.
709 3470 766 3545 ⁸tt
784 3463 934 3521 laesurus
949 3470 985 3521 A.
1024 3476 1120 3538 gratu·

106 3540 204 3597 labero
225 3544 297 3597 Itos.
331 3545 475 3613 gratulare
493 3542 565 3599 ΑΡ,
635 3543 670 3591 rs
687 3535 833 3591 irretisses
851 3532 883 3591 P.
