2362 3938
408 1037 762 1176 PRAEFATIO.

170 1433 338 1510 Quaerent
323 1432 411 1497 tibus
460 1433 571 1516 nobis,
620 1433 748 1517 quando
795 1433 897 1500 Iulius
943 1435 1095 1502 Valerius

77 1521 232 1588 Pseudo·
244 1520 474 1586 Callisthenis
488 1544 545 1586 seu
561 1526 634 1611 pot
634 1523 685 1586 ius
719 1521 841 1607 Aesopi
872 1525 1094 1590 narrationem

78 1609 238 1675 Graecam
263 1615 353 1675 secut
354 1633 392 1675 us
340 1602 590 1675 tAlexandri
611 1610 679 1675 hist
665 1611 784 1676 toriam
807 1632 954 1676 sermono
976 1611 1047 1677 Lat
1023 1617 1093 1679 tino

79 1700 272 1781 narraverit,
291 1701 398 1764 nullus
418 1699 626 1784 antiquorum
645 1703 830 1784 temporum
848 1702 941 1764 testis
961 1705 1010 1765 est
1010 1703 1093 1787 ,qui

79 1750 284 1871 respondeat.
329 1788 442 1873 Neque
466 1789 551 1852 enim
574 1788 670 1852 ullius
694 1788 849 1852 momenti
873 1793 922 1852 ost
949 1753 1094 1855 testimo·

79 1878 171 1940 nium
194 1875 470 1961 Pseudo-Sergii,
498 1899 517 1941 a
542 1898 605 1960 quo
629 1876 704 1942 lulii
728 1876 852 1941 Valerii
875 1877 973 1941 verba
997 1876 1097 1943 ‘iubet

80 1986 169 2030 omne
194 1965 341 2046 facessere
366 1965 572 2046 sarnnlitinrn'
597 1962 641 2052 (p.
662 1967 695 2045 3,
715 1962 770 2050 18)
800 1971 1096 2032 commemorantur

80 2051 188 2139 (Serg.
218 2054 389 2137 Explanat.
418 2054 452 2118 in
480 2053 598 2119 Donat.
625 2054 672 2139 II3
699 2054 738 2118 K.
763 2052 859 2120 AL.
883 2053 930 2118 IV
953 2077 983 2138 p.
1003 2053 1095 2144 577),

81 2143 237 2226 quoniam
261 2165 324 2226 qua
350 2147 458 2208 aetate
486 2144 541 2208 ille
565 2141 857 2227 Pseudo-Sergius
881 2143 1011 2230 vixerit,
1039 2167 1094 2210 ne·

81 2232 210 2295 scimus.
257 2231 435 2296 Videamus
468 2231 586 2317 igitur,
620 2232 775 2317 numquid
811 2254 850 2296 ex
882 2232 984 2317 ipsius
1018 2233 1095 2299 Iulii

80 2318 207 2384 Valerii
230 2319 316 2384 libro
340 2321 378 2385 de
402 2324 508 2385 aetate
532 2321 600 2385 eius
624 2342 810 2405 expromere
833 2322 1005 2404 possimus.
1047 2322 1097 2388 Ao

80 2409 222 2491 primum
241 2409 368 2491 quidem
386 2409 569 2474 versionem
589 2408 665 2474 Iulii
685 2407 808 2474 Valerii
826 2414 900 2475 ante
919 2409 1094 2477 Theodosii

80 2501 229 2580 tempora
246 2497 366 2562 factam
382 2518 452 2562 esse
466 2498 534 2562 iam·
547 2498 693 2584 Angelus
708 2497 823 2581 Maius,
842 2499 965 2582 primus
981 2499 1094 2584 editor,

81 2585 232 2650 ostendit.
284 2584 369 2651 Nam
401 2607 474 2651 oum
508 2590 637 2652 constet
669 2585 845 2671 Serapeum
878 2585 1096 2655 Alexandriae

81 2695 168 2738 anno
193 2674 257 2739 391
283 2675 374 2739 iussu
397 2674 573 2740 Theodosii
597 2676 737 2740 dirutum
762 2697 841 2760 esse,
867 2676 952 2759 apud
975 2675 1093 2741 lulium

80 2761 247 2826 Valerium
289 2762 428 2847 legimus
470 2761 632 2844 ‘ternplum
672 2766 766 2829 etiarn
803 2784 886 2830 nana
921 2763 1095 2846 Serapium

80 2850 301 2915 Parmenionis
323 2850 509 2934 appellatnr'
534 2848 574 2937 (Ι,
595 2850 652 2939 32)
676 2856 708 2917 et
732 2851 894 2930 ‘obeliscos
917 2853 972 2933 qni
994 2851 1095 2916 adano

79 2940 293 3005 Alexandriae
315 2945 515 3022 perseverant
542 2942 577 3004 in
604 2941 738 3022 Sarapis
766 2941 870 3021 templi
896 2941 1095 3022 circumsepto

79 3035 129 3092 eat
117 3030 267 3094 trinsecus
296 3030 490 3106 adsistentes,
521 3030 586 3094 eins
616 3030 735 3110 templi,
766 3030 848 3110 qnod
875 3048 911 3090 ae
912 3031 960 3091 tas
989 3028 1096 3092 iunior

80 3115 247 3182 laboravit'
219 3112 321 3202 t‚(l
343 3113 410 3203 30).
456 3078 580 3181 Deinde
608 3139 681 3182 oum
709 3115 872 3180 Iohannes
900 3111 1094 3196 Chrysosto

80 3227 163 3284 '³¹¹⁸
156 3205 705 3372 Thilil'illietldis'atlaetl
711 3203 816 3354 253⁰?
815 3197 909 3354 tli’
915 3224 947 3354 ..⁸
950 3200 1018 3355 “i
1026 3225 1123 3356 li:

77 3290 225 3466 tiiil'miiir
250 3317 447 3463 irslsdrnte
462 3345 606 3483 (Hamil.
615 3318 814 3446 uicarium
839 3313 1086 3466 ΙΙ,Ί126)ημΙιξ)]ἱιιε1

77 3468 226 3536 Valerius
257 3491 317 3535 sua
344 3472 451 3534 aetate
480 3470 659 3534 etiamtunc
682 3467 858 3532 Alexandri
888 3469 1078 3553 sepulchrur
