2362 3938
209 169 386 226 EPISTOLA
404 171 622 230 susannem
639 175 690 229 AD
708 173 974 230 Anlsrcrnnsn.
1032 174 1097 239 219

82 337 206 400 femore
238 333 382 399 humano
417 335 608 421 crassiores3
646 335 700 420 qui
735 337 830 402 nobis
857 339 954 402 omni
986 340 1098 422 generi

82 423 221 509 piscium
250 444 367 506 sapore
389 424 593 508 praeferendi
620 427 703 488 sunt.
750 422 812 489 Sed
836 429 869 490 et
891 426 1011 511 fungos
1037 428 1097 492 im-

82 533 216 577 mensae
240 511 473 595 magnitudinis
492 513 618 596 viginti,
641 534 737 578 coeco
755 513 920 578 rubriores
939 537 1097 598 apposue-

80 605 159 666 runt
182 600 278 665 nobis
304 604 337 664 et
360 623 508 666 murenas
531 601 689 666 habentes
711 602 857 685 pondera
879 602 1025 688 ducenta,
1049 604 1095 668 af·

80 691 251 754 firmantes
287 709 357 754 esse
391 691 529 755 maiores
559 691 594 754 in
623 689 730 754 ricino
760 690 842 773 ipsis
872 711 1009 771 oceano,
1040 692 1123 776 quis

80 782 152 843 erat
190 778 231 843 ad
267 778 446 843 miliarium
486 778 622 844 tertium
659 783 692 843 et
727 779 927 846 vicesimum.
985 779 1095 846 Pisces

79 871 251 952 praeterea
289 888 420 931 scauros
461 867 604 950 pondere
645 870 816 933 centenum
860 869 1096 953 quinquaginta

80 956 268 1041 gurgitibus
300 955 406 1020 nassis
440 955 590 1020 eburneis
622 956 809 1042 capiebant,
846 977 888 1020 ne
921 956 1094 1023 arundines

79 1067 191 1109 morsu
225 1043 483 1128 confringerent,
518 1048 575 1108 aut
606 1044 780 1128 capillatae
813 1045 980 1131 mulieres,
1012 1067 1095 1131 quae

79 1135 169 1217 pisce
196 1133 363 1215 vivebant,
392 1133 484 1216 aquis
511 1133 683 1198 immersae
711 1133 954 1216 prehenderent.
1003 1133 1126 1211 Quaen

79 1223 213 1305 ignaros
246 1222 416 1306 regionum
446 1221 594 1286 homines
624 1220 659 1286 in
688 1222 822 1287 flumine
851 1226 1004 1289 natantes
1038 1227 1095 1290 aut

78 1311 219 1375 tenendo
247 1311 283 1374 in
310 1309 440 1394 gurgite
468 1310 672 1375 suffocabant
701 1313 758 1375 aut
784 1314 908 1378 tractos
938 1312 974 1377 in
1002 1333 1095 1379 arun·

80 1398 235 1482 dinetum,
255 1420 328 1463 cum
348 1402 458 1463 essent
476 1399 581 1482 speeie
599 1399 774 1478 mirabiles,
794 1401 912 1465 affectu
927 1422 985 1466 suo
1001 1401 1095 1466 avide

79 1489 183 1552 victos
212 1488 463 1569 corrumpebant
491 1491 547 1552 aut
569 1487 700 1552 veneria
729 1488 959 1554 exanimabant
980 1490 1093 1572 volup-

78 1580 158 1640 tate.
200 1573 343 1651 Quarum
371 1597 431 1640 nos
461 1575 540 1640 duas
565 1575 793 1641 tantummodo
820 1578 961 1659 cepimus
985 1577 1126 1642 coloten

78 1666 184 1748 niveo,
208 1665 330 1729 similes
353 1663 515 1748 nymphis,
539 1663 659 1729 defusis
682 1685 741 1747 per
763 1667 857 1747 terga
881 1663 1019 1747 capillis.

168 1753 214 1818 Et
235 1753 270 1818 in
292 1752 406 1836 Gange
429 1753 563 1818 flumine
586 1755 680 1817 erant
704 1751 909 1816 admirabilia
931 1756 1093 1836 portenta

79 1841 128 1906 De
152 1842 281 1925 quibus,
302 1861 343 1905 ne
366 1841 429 1906 tibi
451 1841 620 1906 fabulosus
638 1840 774 1920 viderer,
797 1839 1003 1905 scribendum
1026 1863 1094 1906 non

78 1930 201 2015 putavi,
219 1930 283 1994 nisi
303 1929 388 2015 quod
408 1929 495 2014 apud
513 1929 827 1995 fiumen...Boream
845 1933 962 1993 ventus
983 1951 1001 1993 e
1024 1929 1093 1994 sole

79 2024 112 2084 et
129 2019 310 2102 Euphratis
330 2018 371 2082 ad
390 2017 471 2083 Noti
489 2018 578 2083 venti
597 2017 758 2102 spiracula
777 2019 905 2083 exeunt.
946 2015 1092 2093 Quorum
1106 2037 1126 2077 a

78 2108 248 2173 fluminum
278 2108 367 2190 ripae
398 2108 501 2170 altera
532 2107 573 2170 ab
605 2107 671 2170 alia
700 2105 892 2189 conspicuae
920 2127 987 2171 non
1018 2111 1094 2172 sunt

78 2219 156 2281 prae
184 2195 356 2261 latitudine
385 2216 542 2278 aquarum
570 2217 690 2260 earum.
737 2193 816 2259 inde
843 2195 884 2260 ad
912 2195 1093 2281 castellum,

79 2286 165 2370 quod
194 2285 267 2350 Indi
296 2284 454 2368 incolunt,
484 2284 701 2368 pervenimus,
733 2283 789 2347 ubi
818 2287 889 2348 tum
919 2285 1044 2350 monita
1074 2307 1094 2350 a

78 2477 326 2533 femore'humano
346 2477 455 2532 o.V.H.
484 2479 563 2531 extra
585 2475 677 2530 femur
698 2476 853 2530 humanum
873 2474 902 2531 0.
938 2476 1035 2546 generi
1053 2476 1093 2535 Η.

79 2564 181 2618 genere
205 2554 252 2603 cet.
329 2553 345 2602 2
366 2547 422 2601 Sed
440 2563 490 2602 om.
510 2545 625 2603 ΜΗ.
697 2553 713 2600 3
732 2550 923 2616 apposuerunt
940 2548 970 2603 0.
994 2563 1094 2617 posue-

78 2621 143 2673 runt
161 2624 207 2675 eet.
292 2618 487 2673 ldncentena
504 2617 543 2672 Η.
633 2618 905 2687 τεοαῐοεφοῃᾶθτο
925 2618 953 2673 0.
980 2633 1093 2674 searvos

79 2689 189 2758 pondus
208 2691 283 2745 ω.Η.
310 2705 423 2744 scauros
441 2687 613 2759 ponderibus
632 2688 757 2744 centenis
776 2688 808 2744 V.
870 2694 886 2743 8
906 2688 955 2758 qui
973 2688 1093 2759 gurgiti·

79 2761 131 2814 bus
151 2761 189 2815 H.
226 2761 318 2816 nassis
334 2761 395 2816 OG.
419 2759 495 2814 nasis
509 2759 637 2814 L.M.B.
661 2758 781 2814 navibus
799 2758 830 2816 V.
852 2775 903 2815 one.
922 2759 961 2814 H.
998 2760 1092 2830 capie-

79 2831 228 2887 banturH.
262 2839 277 2886 9
294 2833 355 2902 aut]
366 2833 452 2899 atque
460 2830 544 2887 Bm.
578 2836 612 2884 10
625 2829 865 2898 prehenderentG.
884 2830 1094 2900 praetenderint

80 2903 113 2956 L.
121 2904 157 2958 Β.
181 2903 399 2973 praetenderent
419 2901 452 2959 G.
459 2902 491 2958 V.
515 2901 685 2968 pranderent
703 2900 742 2955 Η.
816 2906 848 2954 11
867 2900 1030 2970 ignorantes
1049 2917 1093 2956 re-

80 2974 192 3042 gionem
204 2973 233 3028 0.
272 2979 305 3026 12
325 2972 522 3028 arundinetum
533 2973 640 3042 compsi.
663 2969 878 3026 arundinetoH.
899 2970 1035 3025 arundine
1044 2975 1092 3026 cet.

82 3049 114 3096 13
134 3044 235 3100 affeetu
255 3044 367 3100 o.V.H.
391 3045 505 3113 aspecto
527 3042 556 3097 0.
598 3048 632 3096 14
650 3040 795 3096 voluntate
815 3040 884 3095 mV.
931 3046 964 3094 16
983 3039 1093 3094 diffusis

80 3117 146 3182 post
162 3117 243 3184 terga
262 3115 291 3170 0.
338 3119 371 3168 17
391 3113 571 3170 admirabilia
590 3111 619 3167 O.
644 3109 780 3166 animalia
797 3110 867 3167 o.V.
890 3109 1033 3165 mirabilia
1050 3111 1091 3167 H.

82 3190 113 3240 19
134 3186 209 3254 apud
227 3186 303 3253 quod
322 3186 351 3241 0.
388 3186 492 3240 flumen
509 3201 560 3240 orn.
575 3183 610 3238 L.
646 3183 762 3237 boream
780 3182 914 3236 boramve
928 3181 962 3235 L.
1000 3181 1093 3236 esola

80 3257 207 3311 Ram.
232 3257 327 3311 aesola
344 3256 379 3312 L.
403 3272 419 3311 e
438 3255 497 3311 sole
517 3254 546 3310 0.
587 3252 695 3324 putavi.
722 3251 883 3308 huiusmodi
900 3249 1023 3306 fluminis
1041 3267 1093 3305 un·

80 3328 131 3382 dae
150 3329 236 3382 boreo
256 3329 340 3382 vento
358 3327 444 3382 flante
458 3327 561 3381 exeunt
574 3325 605 3380 V.
642 3325 757 3392 fortasse
774 3324 947 3379 scribendum
965 3328 1018 3378 est:
1036 3321 1093 3377 nisi

80 3398 154 3466 quod
178 3415 268 3469 aquae
291 3398 414 3452 fluminis
436 3398 520 3452 huius
543 3397 634 3451 Borea
656 3398 740 3451 vento
763 3395 848 3450 flante
872 3393 962 3450 solum
987 3395 1016 3448 et
1037 3393 1092 3447 llu-

79 3470 189 3538 phratis
209 3470 244 3524 ad
262 3469 297 3523 N.
317 3474 365 3524 etc.
442 3473 474 3522 21
495 3467 584 3521 altere
604 3466 729 3521 L.M.B.
806 3471 840 3520 22
859 3480 927 3535 prae
946 3482 996 3529 om.
1016 3464 1092 3520 ω.Η.

81 3544 114 3594 23
134 3542 203 3596 Post
223 3540 424 3610 ‘pervenimus’
446 3539 539 3610 pergit
556 3536 609 3591 H..·
633 3535 734 3592 deinde
753 3536 790 3593 ad
809 3536 903 3603 Seres,
927 3553 1000 3605 qnae
1023 3551 1093 3608 gens
