2362 3938
127 171 190 233 114
541 170 650 226 LIBER
667 171 714 226 ΙΙΙ.

123 335 173 396 est
195 331 343 416 nihilque
366 333 502 419 dignum
525 334 641 419 opibus
660 335 780 400 nostris
803 339 860 400 aut
878 337 1134 403 amoenitatibus

120 418 236 504 habet,
264 441 369 504 neque
398 422 546 506 quaesita
569 427 620 487 est
641 444 744 507 neque
767 428 949 507 quaeretur.
995 425 1029 490 Is
1053 428 1133 492 enim

121 506 251 572 demum
264 508 359 576 labor
378 511 487 576 111111
507 515 557 576 est
570 511 814 597 proeliantibus,
834 534 872 576 ex
891 534 955 596 quo
975 513 1020 578 sit
1039 516 1134 580 etiam

119 595 237 662 idonea
266 619 341 682 spes
369 599 596 681 praemiorum.
643 599 756 682 Neque
784 601 871 666 enim
898 603 950 666 est
976 606 1134 686 nostrum,

88 705 101 746 1
121 685 156 750 in
174 705 294 770 magno
313 690 431 751 conatu
451 686 549 770 digno
571 707 689 769 operae
708 689 815 771 pretio
834 691 988 755 caruisse.
1031 691 1133 768 Quare

121 773 155 838 id
178 776 275 841 tertio
299 774 364 839 iam
387 773 536 857 praedico
566 796 603 839 ac
627 775 783 842 denuntio
811 778 887 863 tibi,
915 779 965 843 uti
992 778 1134 845 facessas

122 883 162 927 ex
184 863 247 946 his,
270 863 385 947 quibus
408 864 567 948 imperare
590 885 656 929 non
681 864 808 947 possis?
1058 946 1060 951 ,

211 951 246 1019 4.
282 951 343 1016 His
371 951 489 1017 litteris
517 952 648 1036 publice
676 953 835 1033 recitatis,
862 953 1048 1020 Alexander
1076 958 1133 1022 ait:
1148 957 1172 1010 θ·

121 1037 229 1105 ‘Nunc
248 1062 375 1126 quoque
394 1061 451 1105 vos
471 1063 598 1125 moneo,
621 1041 821 1107 sanctissimi
839 1042 971 1128 milites,
994 1066 1035 1109 ne
1060 1045 1134 1129 quid

78 1148 106 1188 ro
119 1149 250 1193 rursum
283 1128 525 1214 magnificentia
554 1130 619 1194 ista
648 1129 818 1196 barbarica
849 1131 975 1196 animos
1006 1137 1134 1199 vestros

118 1215 338 1283 inconsultius
373 1218 493 1282 turbet.
538 1217 669 1283 Auditis
705 1219 790 1282 enim
822 1219 940 1283 litteris
970 1219 1050 1284 Pori
1086 1244 1133 1286 re-

118 1308 231 1368 vocate
246 1305 337 1371 illam
352 1327 479 1390 quoque
494 1305 678 1371 litterarum
693 1305 787 1370 Darii
801 1308 1002 1391 memoriam,
1016 1309 1135 1374 videte-

119 1413 197 1478 que,
229 1416 308 1460 num
341 1394 535 1478 adrogantia
563 1393 684 1478 dispar,
716 1417 796 1459 num
829 1395 1001 1460 dissimilia
1034 1399 1134 1463 verba

118 1490 175 1548 aut
214 1484 258 1548 sit
298 1482 466 1548 dissimilis
503 1481 731 1566 imprudentia.
790 1482 882 1548 Sicut
922 1485 1010 1548 enim
1051 1487 1133 1551 istae

78 1591 104 1632 11
118 1570 205 1638 ferae
231 1572 367 1655 bestiae,
402 1593 485 1655 quae
510 1571 596 1654 apud
621 1571 711 1656 ipsos
738 1576 814 1636 sunt
838 1572 1011 1658 plurimae,
1039 1575 1133 1657 pardi

116 1660 268 1726 videlicet
285 1665 318 1725 et
336 1661 446 1725 leones
466 1660 703 1744 elephantique,
727 1661 797 1726 solo
819 1661 875 1725 illo
894 1665 1033 1726 naturae
1057 1685 1134 1728 suae

114 1747 219 1812 fretae
243 1749 366 1832 impetu
395 1751 427 1812 el
455 1749 600 1831 corporis
628 1749 813 1835 alacritate,
840 1748 934 1814 facile
962 1750 1133 1815 hominum

116 1836 277 1920 sapientia
301 1837 531 1922 subiugantur,
559 1837 670 1901 itidem
699 1837 798 1903 hosce
827 1838 985 1903 barbaros
1013 1840 1132 1904 intelli-

118 1925 203 2010 getis
222 1924 339 1990 fiducia
359 1924 576 1990 multitudinis
595 1925 705 2009 fretos,
727 1927 817 1990 nulla
835 1930 947 1991 tamen
964 1927 1132 2009 praeditos

76 2034 103 2075 ro
116 2013 326 2098 imperatoria
345 2011 509 2079 Graeoave
533 2013 693 2099 sapientia
715 2014 869 2096 perfacile
888 2035 963 2078 mox
982 2015 1016 2076 in
1036 2015 1133 2081 dicio-

115 2123 191 2166 nem
217 2105 367 2167 nostram
395 2123 465 2166 esse
493 2106 661 2185 venturos,
689 2106 787 2186 atque
815 2102 928 2164 itidem
955 2102 1133 2181 prudentia

114 2193 229 2255 nostra
258 2194 298 2255 ad
327 2190 503 2273 perniciem
533 2189 585 2253 sui
614 2190 662 2253 uti
690 2210 803 2271 posse,
831 2191 868 2269 ut
897 2187 932 2249 in
961 2186 1047 2248 feras
1080 2195 1132 2252 est

114 2276 222 2343 facilis
244 2279 432 2343 hominibus
456 2275 608 2342 effectus?

205 2364 239 2432 5.
272 2366 311 2430 In
329 2367 415 2431 hunc
439 2366 506 2430 fere
524 2364 655 2430 modum
673 2362 857 2427 Alexander
880 2381 952 2425 cum
976 2381 1052 2424 suos
1072 2362 1127 2426 ad·
1150 2367 1177 2419 7.

76 2454 265 2519 cohortatus
288 2458 392 2538 esset,
420 2455 489 2538 ipse
517 2473 643 2537 quoque
666 2450 742 2517 Pori
768 2449 886 2515 litteris
913 2470 1128 2532 responsurus

114 2543 149 2607 in
168 2542 255 2609 hanc
274 2544 470 2608 sententiam
488 2541 615 2606 scribit:
640 2539 781 2605 ‘Terreri
803 2561 864 2605 nos
882 2541 1012 2623 putans,
1035 2539 1129 2624 Pore,

114 2630 234 2696 litteris
264 2632 330 2696 tuis
359 2651 514 2716 magnum
542 2628 714 2693 admodum
739 2628 820 2694 meis
850 2628 993 2694 consiliis
1021 2628 1129 2693 incen-

114 2720 218 2784 tivum
246 2719 452 2803 praestitisti,
483 2740 545 2802 quo
575 2718 671 2782 nobis
702 2718 736 2782 in
764 2740 823 2784 vos
853 2717 1049 2801 dispositum
1080 2720 1130 2782 est

114 2808 264 2873 militare.
310 2807 400 2872 Dicis
429 2807 514 2872 enim
542 2807 625 2870 nihil
654 2806 812 2872 eiusmodi
837 2807 955 2874 habere
979 2805 1131 2891 Graecos,

73 2897 201 2982 eoquod
232 2896 277 2961 sit
307 2895 440 2982 dignum
472 2896 512 2960 ad
542 2896 745 2980 opulentiam
774 2901 934 2981 vestram,
964 2917 1023 2961 vos
1054 2916 1130 2959 vero

207 3041 222 3089 1
240 3035 320 3090 uerbo
340 3035 406 3088 ‘est'
426 3035 526 3101 poitur
540 3036 624 3105 prius
642 3036 741 3102 foliam
760 3037 924 3092 Basileense.
980 3040 995 3089 2
1016 3049 1130 3102 quaerc-

114 3107 192 3162 retur
209 3106 246 3177 A.
277 3107 304 3161 Is
323 3105 357 3159 A.
384 3104 428 3157 his
447 3106 480 3158 P.
536 3104 647 3160 4enim
667 3124 716 3161 om.
736 3109 771 3159 A.
828 3112 945 3174 topere
964 3105 1000 3157 A.

205 3175 234 3232 4.
253 3183 269 3231 9
288 3192 323 3230 ne
338 3174 407 3245 quid
416 3174 450 3228 P.
469 3191 505 3228 ne
520 3174 570 3243 qui
583 3177 612 3229 id
620 3178 655 3229 A.
689 3181 722 3228 11
738 3174 911 3230 inconsultos
918 3176 953 3228 A.
989 3179 1021 3226 12
1036 3173 1130 3226 videte

116 3262 189 3315 quae
208 3264 276 3302 num
294 3250 402 3302 correct.
421 3246 453 3299 ire
471 3245 565 3299 videte
584 3261 655 3313 quae
674 3262 740 3299 nam
750 3245 786 3297 A.
843 3250 877 3298 14
895 3244 989 3297 autA.
1008 3243 1127 3295 haudP.

115 3316 192 3372 ferae
215 3317 287 3374 istae
309 3316 472 3382 bestiaeque
490 3315 526 3368 A.
597 3315 720 3369 1111111
739 3315 771 3366 P.
800 3315 867 3366 freti
885 3315 920 3367 A.
954 3314 983 3365 et
1006 3313 1128 3378 corporis

115 3387 188 3442 Mas.
216 3403 250 3442 ex
268 3385 391 3456 corporis
410 3389 446 3442 A.
454 3386 487 3441 P.
526 3390 558 3439 18
577 3383 677 3436 itidem
699 3385 732 3436 P.
758 3383 834 3435 idem
852 3382 888 3435 A.
914 3379 1073 3450 intelligitis
1091 3382 1127 3433 A.

114 3463 148 3512 22
168 3457 360 3526 pernicionem
379 3457 415 3514 A.
991 3520 996 3533 ⁸

204 3529 233 3583 5.
263 3535 296 3585 27
316 3529 467 3584 admodum
486 3525 642 3595 consilium,
662 3524 752 3580 verbis
770 3524 857 3578 litura
875 3524 1009 3590 separatas
1027 3523 1064 3576 A.
