2362 3938
421 215 539 270 carus
557 213 781 270 annuarum.
906 183 912 187 ’
1060 215 1103 280 27

79 378 171 443 tutis.
205 377 293 441 Tum
313 376 417 461 igitur
430 378 605 461 pauculum
619 377 767 442 barbaris
786 378 927 444 indidem
944 380 1103 463 separabis

81 466 166 530 ferre
190 488 212 530 a
236 487 272 530 se
297 465 453 530 mandata
476 465 515 530 ad
540 465 675 530 Darium
703 466 806 532 iubet:
834 467 915 532 haec
943 470 1006 533 sibi
1029 469 1103 533 Ale·

80 555 245 619 xandrum
274 553 428 619 nuntiare
455 555 508 618 vel
536 555 655 620 dicere:
684 555 763 619 boni
791 557 974 621 consuleret
1001 561 1034 621 et
1062 558 1103 622 ab

80 644 143 708 hae
176 642 314 727 petendi
348 642 577 707 consuetudine
610 646 821 729 temperaret3
854 646 974 729 quippe
1007 667 1102 730 quem

80 733 150 816 ipse
181 753 311 796 morem
340 731 488 814 petendis
516 732 663 814 pecuniis
692 732 878 815 indixisset,
906 733 992 798 huno
1020 755 1040 798 a
1068 755 1129 798 see

83 821 236 904 protinus
260 823 412 884 exactum
434 820 485 903 iri,
508 842 636 905 unaque
660 842 733 885 cum
756 822 820 906 his,
843 842 925 905 quae
945 826 1021 886 ante
1040 821 1103 886 dis·

81 932 188 994 pensa
212 909 289 993 sint,
313 908 445 992 propria
469 930 605 993 quoque,
629 931 712 992 quae
736 909 802 974 sint
821 909 939 994 Persis,
961 908 1101 975 Alexan-

82 999 180 1063 drum
203 998 392 1081 petiturum.
436 994 518 1062 (lum
536 997 587 1062 his
612 997 707 1062 dictis
731 999 832 1083 exigit
855 999 1003 1064 homines
1027 1021 1100 1082 pro·

82 1088 185 1152 ficisci
197 1108 240 1150 ne
254 1086 438 1150 litterarum
449 1086 581 1169 quidem
595 1107 705 1170 regem
719 1088 930 1169 responsione
941 1088 1101 1172 dignatus.

81 1176 132 1240 Ad
142 1177 233 1240 hano
244 1174 345 1239 animi
360 1175 427 1238 eius
438 1175 714 1260 magnificentiam
725 1175 896 1259 Philippus
906 1177 1100 1261 erigebatur,
1115 1197 1141 1237 ro

82 1265 170 1349 quod
186 1264 266 1328 adeo
282 1263 497 1328 confidentem
517 1269 550 1327 et
568 1264 766 1346 intrepidum
781 1286 854 1330 eum
867 1270 1004 1332 naturae
1024 1288 1101 1331 suae

80 1353 169 1418 bona
198 1353 347 1417 adserere
375 1353 565 1416 intueretur.
616 1350 737 1436 Igitur'
752 1373 825 1417 cum
853 1354 959 1418 vicina
988 1377 1100 1420 rursus

81 1442 198 1506 civitas
232 1441 270 1504 de
301 1440 457 1523 obsequio
489 1440 671 1523 vacillaret,
704 1442 799 1506 datur
829 1441 1013 1508 Alexandro
1047 1465 1099 1507 ex·

80 1531 216 1613 poditio.
263 1528 448 1614 Pergitque,
471 1551 533 1612 quo
557 1529 682 1593 iussum
706 1534 764 1594 est.
1114 1551 1140 1590 14

174 1616 234 1683 17.
249 1617 425 1682 Enimvero
439 1619 564 1682 interea
573 1617 752 1683 Pausanias
763 1619 895 1701 quidam
903 1614 1045 1701 nomine,
1063 1621 1165 1678 XXIV.

79 1730 153 1772 cum
183 1707 308 1771 divitiis
339 1707 483 1771 adfluens
510 1711 581 1770 tum
611 1708 725 1790 opibus
754 1710 884 1790 potens,
913 1728 951 1770 ex
978 1706 1098 1789 oppido
1117 1709 1162 1760 10.

79 1796 336 1861 Thessalonicae
359 1795 488 1873 nobilis,
510 1795 545 1858 in
569 1794 770 1879 Olympiadis
794 1795 988 1859 desiderium
1012 1816 1098 1860 amo·

77 1907 216 1969 remque
241 1885 348 1948 animo
372 1884 544 1967 prolapsus
568 1889 627 1948 est.
670 1882 732 1959 Qui
756 1905 829 1947 cum
851 1904 909 1967 per
931 1883 1099 1947 internun-

77 1977 141 2040 tios
175 1973 426 2056 adtemptasset,
458 1972 571 2056 ecquid
599 1972 715 2037 mulier
742 1971 941 2036 consentiret
970 1971 1097 2035 deserto

77 2063 235 2146 Philippo
255 2061 295 2125 ad
320 2082 391 2125 sese
409 2062 632 2144 transnubere,
655 2081 758 2144 neque
777 2060 809 2124 id
829 2059 859 2124 ei
878 2081 917 2123 ex
937 2059 1097 2128 sententia
1112 2081 1139 2121 ao

77 2151 296 2236 provenisset,
315 2150 516 2233 comperiens
536 2150 638 2213 filium
654 2149 808 2233 Philippi,
827 2148 917 2213 ouius
938 2148 1018 2213 adeo
1033 2147 1098 2213 for·

77 2241 278 2305 midolosum
296 2238 330 2302 in
350 2259 461 2302 omnes
482 2237 612 2302 adcolas
632 2242 703 2301 erat
721 2259 849 2322 nomen,
869 2258 1004 2323 peregre
1023 2259 1098 2321 pro·

77 2331 202 2395 fectum
236 2331 460 2410 certamenque
492 2327 654 2409 thymelae
686 2331 763 2390 tuno
800 2326 854 2412 agi
891 2348 911 2391 a
942 2325 1097 2410 Philippo

78 2416 303 2502 praesidente,
330 2419 464 2498 repente
489 2414 644 2480 satellitio
669 2415 808 2498 stipatus
833 2414 955 2480 strictis
980 2415 1097 2500 gladiis

77 2507 248 2571 theatrum
271 2504 372 2567 inruit
389 2503 643 2587 Philippumque
665 2504 797 2568 vulnere
820 2503 996 2587 praevenit.
1034 2503 1097 2580 Qui
1111 2524 1137 2565 aa

78 2616 149 2659 cum
176 2594 276 2658 altius
300 2596 333 2656 et
355 2592 499 2656 letaliter
521 2592 606 2656 ictus
631 2595 724 2676 esset,
746 2593 846 2658 veluti
869 2592 976 2657 caedis
1003 2592 1098 2657 abso·

78 2683 205 2748 latione
227 2703 358 2746 securus
379 2680 419 2744 ad
433 2680 557 2764 regiam
572 2679 749 2744 Pausanias
764 2684 939 2764 properato
953 2680 1097 2763 festinat,

80 2777 177 2856 raptu
198 2770 325 2835 scilicet
341 2768 545 2853 Olympiadis
563 2768 723 2833 desiderio
743 2770 958 2835 consulturus.
991 2769 1098 2854 Igitur
1115 2779 1158 2830 11.

168 2950 182 2997 1
203 2944 358 3024 pauculum
383 2943 414 2995 T.
451 2942 599 3012 paululum
622 2941 657 2998 A.
666 2941 700 2997 P.
737 2942 885 3011 parvulum
908 2940 1068 2996 barbaris'
1060 2959 1096 2994 rr·

79 3016 170 3070 ridere
194 3012 305 3095 paratis
329 3014 424 3083 Geyer.
512 3013 755 3068 tinduxisset’r.
793 3030 810 3067 a
833 3030 863 3067 se
886 3012 922 3066 A.
950 3012 986 3066 ad
1010 3026 1039 3065 se
1062 3012 1095 3064 P

80 3084 247 3141 texaetu
238 3085 274 3138 uri
295 3084 330 3139 P.
365 3084 488 3153 depensa
506 3085 538 3139 P.
617 3089 650 3138 10
669 3084 742 3138 hanc
761 3099 810 3139 om.
830 3082 905 3138 A..P
979 3087 1013 3134 14
1033 3081 1096 3134 Per-

78 3157 177 3226 gitque
207 3162 235 3211 Τ.
300 3154 396 3224 pergit
421 3157 457 3210 A
519 3154 600 3224 pergi
627 3171 738 3224 quoque
766 3155 872 3208 iussum
900 3153 945 3206 est
971 3152 1005 3205 P.
1016 3151 1095 3219 Epic.

77 3228 225 3353 iuml?
251 3303 285 3351 16
315 3313 378 3350 cum
405 3303 433 3350 Τ.
474 3299 536 3350 tum
563 3299 598 3352 A
605 3297 637 3351 P.
682 3293 791 3350 deliciis
818 3292 965 3373 Epitomae
991 3291 1096 3346 codices

77 3372 206 3425 meliores.
227 3369 264 3422 A.
298 3367 400 3436 opibus
418 3383 469 3422 om.
488 3374 515 3420 Τ
589 3373 621 3421 19
641 3365 786 3434 ecquidr.
815 3361 930 3431 etquid
949 3363 981 3417 P.
1011 3362 1040 3416 et
1058 3360 1093 3415 A.

78 3441 266 3507 consentiret,
294 3440 375 3492 ut-
390 3438 587 3493 transnuberet
612 3438 648 3491 A.
728 3439 763 3488 20
790 3449 824 3487 ne
826 3450 880 3502 que
908 3431 938 3487 id
966 3433 1095 3488 RMat'

78 3511 159 3582 idque
178 3512 218 3567 A
252 3481 346 3564 ientia
364 3509 400 3564 A.
469 3515 503 3564 25
522 3509 636 3563 vulnere
654 3503 801 3575 praevenit
818 3503 888 3560 Τ,.Α
920 3503 1095 3604 Philippum·

79 3600 128 3652 que
147 3582 283 3639 vuluerat
303 3579 337 3635 P.
412 3584 447 3633 28
465 3579 569 3649 raptim
589 3579 622 3633 P.
