2362 3938
128 158 173 223 52
472 152 501 209 c.
520 150 806 208 vmnmrnxccr

129 313 209 366 stant
231 305 346 382 Minyae
365 302 534 379 deflentque
557 301 640 362 nelas
663 309 694 361 et
716 301 849 380 cuspidis
871 302 951 362 ictus

130 393 310 453 Haemoniae
334 398 505 468 sortemque
530 389 615 449 ducis
638 389 772 450 solantur
795 388 942 450 acerbam.
1101 404 1142 453 285

129 482 179 542 ille
203 481 255 542 ubi
278 486 437 541 concretos
458 480 562 558 pingui
585 480 644 537 iam
666 479 809 557 sanguine
833 477 934 539 crines

129 569 334 650 pallentesque
357 585 448 646 genas
470 566 655 644 infractaque
678 573 801 645 pectore
824 584 894 626 caro

129 658 189 719 tela
212 676 309 736 neque
333 656 491 717 hesternos
514 656 635 732 agnouit
657 656 689 717 in
711 655 828 734 hospite
852 654 968 735 uultus,

129 748 255 825 ingemit
277 753 365 824 atque
384 751 467 803 artus
491 743 570 802 latur
593 741 756 822 conplexus
779 745 903 804 amicos:
939 759 943 771 ·

131 830 173 895 ‘te
196 842 295 895 tamen
318 835 454 911 ignarum
478 832 564 909 tanti,
587 831 768 911 miserande,
790 831 903 893 luroris
1101 846 1142 894 aso

131 941 190 983 nox
212 920 301 982 habet
325 929 355 981 et
378 918 459 980 nullo
482 926 642 979 testantem
664 919 785 979 foedera
809 927 931 998 questu:

131 1009 257 1071 etmihi
280 1009 444 1069 luctificum
465 1009 550 1067 uenit
572 1006 667 1067 iubar.
713 1007 772 1068 heu
796 1007 905 1086 quibus
929 1009 1037 1071 adsum

131 1093 320 1175 conloquiis?
343 1099 391 1155 cui
414 1110 461 1154 mc
485 1094 615 1173 hospitio
638 1095 769 1156 Fortuna
792 1093 931 1157 reuexit?

133 1186 305 1262 extinguine
329 1201 395 1242 mea
419 1177 502 1264 (latis
525 1181 555 1241 id
579 1182 674 1244 deluit
696 1177 805 1264 unum)

131 1273 251 1352 speraui
273 1279 303 1331 te
326 1289 415 1350 posse
439 1267 550 1331 manu?
572 1270 679 1332 talisne
703 1272 811 1350 reliqui
1101 1285 1143 1336 rsa

130 1360 185 1421 has
204 1378 275 1441 ego,
299 1359 405 1439 amice,
429 1355 556 1418 domos?
579 1360 659 1438 quod
683 1363 709 1420 si
731 1362 790 1420 iam
808 1360 885 1421 bella
908 1362 1071 1425 manebant

131 1456 162 1509 et
183 1448 325 1529 placitum
347 1447 405 1508 boc
428 1449 559 1528 superiS,
583 1465 681 1508 nonne
705 1448 779 1509 haec
802 1467 868 1509 mea
890 1451 1003 1512 iustius
1028 1460 1127 1513 essent

130 1537 237 1599 lunera
258 1554 366 1616 meque
390 1544 460 1598 tuus
484 1554 564 1597 nunc
587 1536 742 1616 plangeret
765 1535 794 1597 a!
817 1537 913 1598 malus
937 1538 1051 1600 error?

132 1645 188 1688 nec
211 1625 301 1686 Clarii
323 1644 403 1687 nunc
427 1632 511 1686 antra
534 1625 582 1686 dei
605 1639 794 1704 quercusque
817 1629 947 1687 tonantis

132 1716 291 1794 arguerim.
327 1714 441 1775 talesne
465 1715 557 1793 acies,
580 1714 692 1774 talesne
715 1714 883 1793 triumphos
1100 1730 1147 1779 300

133 1809 214 1863 sorte
238 1799 369 1864 dabant?
391 1810 566 1880 tantumque
590 1802 673 1862 nefas
696 1820 781 1863 mens
804 1805 925 1864 conscia
950 1813 1056 1866 uatum

133 1892 291 1973 conticuit,
313 1892 426 1970 patriae
450 1892 574 1951 exitium
597 1889 717 1951 crudele
741 1898 878 1951 senectae

133 1988 165 2040 et
187 1987 232 2040 tot
255 1979 362 2040 acerba
385 1977 508 2041 canens!
531 1979 592 2039 heu
615 1979 692 2039 diuis
715 1981 780 2040 uisa
803 1981 933 2041 sinistris

132 2086 226 2148 regna
248 2065 334 2130 mihil
358 2069 479 2147 quinam
501 2063 641 2127 reditus?
664 2085 739 2145 quae
763 2086 810 2128 me
833 2067 1066 2148 hospita‘tellus
1094 2115 1098 2122 .

133 2153 280 2236 accipiet?
301 2174 377 2235 quae
401 2174 461 2215 non
484 2157 589 2234 primis
606 2154 777 2234 prohibebit
799 2153 941 2217 harenis?
1102 2170 1150 2221 305

132 2245 269 2307 inuidere
293 2244 355 2325 dei,
378 2262 416 2304 ne
439 2243 575 2304 Phasidis
598 2261 670 2304 arua
692 2245 801 2305 remoti

105 2330 108 2334 ’
133 2339 165 2392 et
189 2331 343 2412 Scythicas
365 2331 524 2412 populatus
546 2350 619 2411 opes
642 2331 715 2392 haec
738 2350 845 2394 rursus
868 2334 983 2394 adirem

132 2418 234 2500 litora,
257 2438 334 2480 neue
358 2427 426 2479 tuos
449 2422 525 2480 irem
548 2427 620 2480 tunc
644 2420 724 2480 ultor
746 2422 778 2481 in
801 2420 911 2482 hostes.

133 2506 177 2567 las
199 2513 299 2567 tamen
322 2513 368 2566 est
392 2507 529 2567 conferre
553 2526 656 2589 genas,
679 2509 724 2568 las
746 2511 870 2588 iungere
894 2516 996 2571 tecum

132 2602 255 2675 pectora
277 2603 308 2655 et
330 2611 479 2672 exangues
501 2597 628 2655 miscere
652 2596 835 2675 amplexibus
858 2605 950 2658 artus,
990 2653 994 2660 ,
1101 2614 1153 2663 310

132 2700 188 2744 uos
211 2701 264 2762 age
288 2683 426 2743 lunercas
449 2680 486 2741 ad
508 2682 596 2743 litora
618 2683 731 2745 noluite
755 2686 845 2746 siluas

134 2779 164 2832 et
188 2772 285 2831 socios
306 2770 431 2832 lustrate
455 2787 556 2851 rogos3
580 2771 646 2832 date
668 2772 769 2834 dehita
793 2777 887 2834 caesis

134 2878 277 2940 munera,
301 2877 375 2939 qnae
399 2867 503 2921 nostro
526 2861 655 2922 misisset
679 2860 802 2941 Cyzicus
824 2858 907 2942 igni?

178 2948 268 3010 Parte
293 2948 348 3009 alia
371 2947 446 3010 Clite
469 2948 582 3010 laceras
606 2968 697 3030 super
721 2970 773 3012 ora
795 2952 894 3012 mariti

135 3038 201 3099 lusa
224 3056 322 3100 comas
346 3039 454 3100 misera
476 3040 508 3100 in
529 3038 666 3118 planctus
689 3049 777 3102 uocat
799 3042 917 3120 agmina
938 3048 1084 3112 matrum,
1102 3053 1153 3104 315

64 3168 67 3175 ,
135 3126 216 3188 latur
238 3135 269 3188 et
291 3126 377 3188 haec:
401 3122 517 3206 ‘primis
540 3130 671 3190 coniunx
693 3138 815 3210 ereptus
838 3131 869 3190 in
893 3131 979 3190 annis

135 3222 243 3275 cuncta
265 3214 371 3295 trahis;
394 3216 522 3276 necdum
544 3215 664 3277 suboles
687 3235 742 3278 nec
765 3218 870 3297 gandia
893 3217 930 3278 de
954 3225 982 3278 te

134 3302 195 3363 ulla
213 3304 298 3384 mihi,
321 3302 389 3382 quis
412 3311 524 3364 maesta
546 3312 614 3365 tuos
638 3323 732 3386 nunc,
755 3308 879 3385 optime,
903 3323 991 3366 casus

134 3398 310 3468 perpeterer
332 3394 416 3453 tenui
437 3391 552 3452 luctum
575 3391 716 3453 solamine
740 3392 852 3452 lallens.

135 3473 290 3555 Mygdonis
314 3497 395 3540 arma
417 3485 532 3558 patrem
555 3479 732 3558 funestaque
754 3475 866 3556 proelia
890 3496 987 3558 nuper
1101 3496 1153 3546 seo
