2376 3938
241 220 242 223 ’
328 206 620 267 ARGONAUTICON
638 207 749 262 LIBER
766 208 827 265 VH.
1023 212 1083 276 131

68 373 107 416 an
131 355 215 416 eadat
238 363 268 416 et
290 363 372 417 tanto
396 355 535 417 turbetur
554 353 677 416 Graecia
700 353 805 416 luctu?

68 443 187 526 saltem,
210 444 269 504 iata
291 445 392 505 uirum
414 447 441 504 si
463 446 520 504 iam
545 461 683 523 suprema
705 443 850 527 ferebant,

66 534 168 594 iussus
191 532 228 592 ad
250 535 368 612 ignotos
390 534 491 612 potius
513 533 570 592 fuit
591 534 636 592 ire
660 531 814 612 tyrannos!

67 641 85 680 o
108 624 222 682 utinam
245 639 263 681 o
286 629 403 682 tantum
424 639 486 681 non
509 621 564 682 hac
586 629 759 682 moreretur
780 624 812 681 in
835 621 923 685 turbe!
1033 637 1084 688 135

66 727 194 790 namque
219 717 250 771 et
272 710 390 771 sidereo
412 712 508 770 nostri
531 709 568 770 de
592 712 735 789 sanquine
759 708 862 771 Phrixi

67 798 190 880 dicitur,
214 807 244 860 et
267 817 366 859 earam
387 799 450 860 uidi
468 798 632 860 indoluisse
655 814 803 880 sororem3

67 905 159 966 seque
184 888 224 947 ait
247 872 332 947 has
323 889 414 948 russis
436 905 470 947 ac
471 895 537 948 tum
559 890 651 948 miser
673 889 718 948 ire
740 905 796 965 per
819 888 921 950 undas,

67 993 97 1056 a,
119 975 223 1036 redeat
245 993 434 1055 quocumque
458 977 545 1037 modo
569 994 676 1055 meque
700 979 757 1036 ista
779 980 897 1054 precari

66 1065 181 1125 nesciat
203 1064 300 1144 adque
322 1082 422 1125 meum
444 1083 505 1125 non
528 1064 625 1126 oderit
648 1063 696 1124 ilie
720 1061 896 1144 parentem?
1028 1081 1080 1132 140

67 1152 182 1213 dixerat
203 1153 277 1214 haec
301 1160 453 1232 stratoque
477 1171 584 1233 greum
605 1156 774 1233 proiecerat
797 1163 889 1238 artus,

67 1243 93 1300 si
115 1243 217 1302 ueniat
239 1244 378 1303 miserata
401 1244 500 1324 quies,
524 1260 593 1303 curn
611 1244 733 1303 saeuior
752 1245 817 1322 ipse

66 1328 167 1391 turbat
190 1332 309 1409 agitque
333 1348 438 1410 sopor:
461 1331 586 1411 supplex
608 1331 678 1391 hinc
702 1333 847 1392 sternitur
870 1332 988 1418 hospes,

65 1417 136 1479 hinc
159 1426 253 1497 pater.
298 1419 348 1479 illa
370 1436 449 1479 norm
472 1421 584 1498 rumpit
607 1419 765 1480 formidine
784 1437 905 1483 somnos

66 1509 251 1586 erigiturque
274 1515 355 1588 toro3
378 1507 501 1568 famulas
525 1525 669 1586 carosque
687 1488 839 1586 penates
1029 1524 1081 1573 145

66 1597 208 1678 agnoseit,
231 1596 319 1656 modo
342 1595 527 1656 Thessalicas
550 1602 665 1674 raptata
686 1614 742 1674 per
764 1593 868 1676 urbes3

53 1683 206 1752 ‘turbidus
229 1692 263 1745 ut
285 1686 391 1763 poenis
414 1687 570 1763 caecisque
593 1683 756 1763 pauoribus
780 1700 883 1744 ensem

66 1774 191 1852 corripit
213 1781 244 1833 et
267 1791 374 1834 saeuae
394 1773 467 1834 ierit
490 1775 606 1852 agmina
628 1775 732 1834 matris
756 1771 891 1853 Orestes3
1008 1837 1011 1842 ,

64 1863 164 1940 ipsum
188 1879 312 1944 angues,
335 1864 434 1941 ipsum
457 1861 608 1921 horrisoni
631 1865 727 1940 quatit
750 1863 794 1920 ira
818 1860 935 1942 flagelii3

65 1949 160 2028 adque
183 1951 294 2011 iterum
316 1952 447 2011 incestae
471 1969 503 2010 se
527 1950 646 2011 feruere
671 1950 760 2010 caede
783 1948 933 2010 Lacaenae
1029 1961 1081 2011 150

65 2037 161 2099 credit
184 2056 290 2120 aueos,
313 2026 446 2143 salsaque
469 2038 549 2116 redit
571 2038 608 2098 de
632 2046 729 2118 strage
753 2037 876 2098 dearum

64 2127 163 2187 fessus
187 2135 217 2189 et
239 2129 271 2186 in
293 2129 419 2188 miserae
444 2126 612 2188 conlabitur
635 2145 687 2187 ora
710 2128 831 2188 sororis

108 2214 162 2275 His
184 2214 237 2275 ubi
258 2217 440 2294 nequiquam
463 2223 619 2276 notantem
642 2215 781 2276 Colchida
804 2216 885 2276 curis

62 2301 138 2363 iuno
161 2303 245 2364 uidet
267 2304 396 2364 necdum
417 2312 552 2365 extremo
576 2322 680 2384 parere
704 2305 808 2384 furori,

63 2409 125 2451 non
147 2392 207 2451 iam
229 2394 370 2453 mentitae
394 2392 513 2454 uultum
534 2410 701 2470 uocemque
725 2393 850 2454 resumit
1029 2401 1080 2452 155

63 2477 246 2558 Chalciopes.
293 2480 410 2559 quando
435 2481 523 2542 ardor
545 2479 636 2541 hehet
658 2481 813 2558 leuiorque
836 2480 951 2559 pudore
1080 2481 1084 2491 ’

61 2585 207 2646 mensque
231 2568 339 2629 obnixa
362 2569 448 2650 malo,
471 2577 580 2630 tenues
602 2568 737 2630 sublimis
760 2571 901 2629 inauras

61 2655 177 2717 tollitur
201 2664 231 2717 et
254 2656 337 2717 fuluo
361 2656 507 2718 Venerem
529 2660 658 2736 uestigat
681 2655 813 2736 Olympo.

62 2739 142 2804 ‘sum
165 2761 292 2826 memor,
314 2753 349 2805 ut
372 2748 413 2806 sis
435 2746 516 2807 hunc
539 2764 657 2808 mecum
678 2748 787 2826 partita
809 2743 954 2827 lahorem3

59 2831 110 2892 iila
134 2833 224 2892 nimis
248 2831 300 2892 sed
319 2832 393 2894 dura
415 2842 515 2895 manet
535 2852 739 2912 conuersaque
763 2836 794 2893 in
817 2835 892 2892 iram
1027 2844 1080 2892 160

61 2928 92 2981 et
115 2921 209 2981 furias
232 2920 313 2982 dolet
336 2940 369 2982 ac
392 2940 440 2982 me
463 2941 544 2983 nunc
567 2922 682 2982 deiecta
705 2922 834 2999 reliquit.

59 3010 84 3089 i,
107 3027 230 3090 precor,
254 3008 350 3088 adque
373 3012 465 3070 istum
488 3028 547 3088 quo
570 3027 619 3070 me
642 3010 805 3069 frustratur
828 3024 959 3068 amorem

59 3099 149 3157 uince
173 3099 248 3179 tori,
269 3100 375 3178 patriis
397 3106 432 3159 ut
454 3098 574 3160 tandem
597 3096 725 3158 euadere
748 3097 837 3157 tectis

58 3185 167 3246 audeat
190 3185 286 3265 adque
309 3204 411 3248 meum
434 3199 505 3247 casu
528 3186 689 3248 defendere
713 3184 749 3245 ab
772 3185 854 3244 omni

57 3273 236 3335 Aesoniden.
283 3277 355 3354 quio
378 3275 462 3335 ilium
481 3283 558 3359 atro,
582 3293 642 3354 quo
666 3275 756 3356 freta,
779 3288 906 3353 ueneno,
1026 3279 1078 3331 165

57 3362 143 3423 iilum
166 3365 256 3424 etiam
278 3366 350 3424 totIs
373 3363 539 3424 adstantem
553 3361 696 3424 noctibus
721 3378 856 3441 anguem,

56 3453 110 3531 qui
133 3469 241 3512 nemus
264 3469 352 3513 omne
375 3469 463 3512 surim
487 3455 597 3531 quique
621 3467 710 3511 aurea
734 3445 866 3533 (respice
887 3440 993 3529 porro]

55 3538 170 3601 uellera
193 3548 239 3601 tot
262 3542 351 3619 spiris
375 3541 499 3624 circum,
520 3547 568 3604 tot
590 3537 737 3604 ductihus
755 3537 882 3620 impiet,

856 3635 894 3691 q!
