2376 3938
102 198 145 263 80
517 194 635 267 prusa
653 193 686 248 11.

102 359 282 444 legationes
309 361 436 423 vestras
463 356 592 421 naviter
619 356 704 441 apud
733 352 852 438 Cyrum
882 359 914 418 et
942 354 1117 419 efficaciter

104 452 311 533 prosecutum
331 447 439 512 curiae
457 449 586 511 vestrae
610 444 775 523 consortio
800 444 1022 529 abrelegastia
1060 442 1118 508 Sa-

103 537 245 622 pientiae
265 535 401 619 denique
419 535 523 599 totius
548 532 634 616 apud
656 554 714 598 vos
735 531 903 596 Socratem
922 532 1118 616 magistrum

104 622 319 689 iniustissima
347 625 451 688 morte
479 621 653 687 multastis.
706 620 833 706 Ingrati
860 619 1029 705 Philippo,
1063 622 1119 704 qui

79 713 213 778 stribus
242 713 337 776 bellis
371 711 491 776 auxilio
519 710 626 780 vohis¹
641 713 672 774 et
701 709 857 792 subpetiis
884 708 966 791 fuit3
1000 710 1118 793 quique

106 801 288 887 queramini
307 801 345 865 de
366 800 550 863 Alexandro
570 798 661 863 velut
679 799 721 862 ob
741 796 936 883 Stesagorae
955 797 1119 882 iniuriam,

106 912 187 974 quae
213 889 318 954 omnis
341 887 503 953 vindictae
527 891 655 951 vestrae
678 886 869 971 profecerat.
915 886 1006 951 Idem
1032 886 1120 949 enim

106 977 300 1062 Stesagoras
331 975 530 1041 sacerdotem
557 975 791 1040 Atheniensem
820 975 991 1040 sacerdotii
1019 974 1120 1038 vestri

105 1066 264 1150 dignitate
288 1064 479 1146 privaverat.

66 1177 91 1216 ιο
196 1151 253 1218 18.
279 1152 456 1216 Enimvero
481 1153 634 1237 quoniam
652 1152 718 1216 ista
740 1152 820 1216 haec
842 1173 928 1215 nuno
946 1151 1056 1216 omnia
1080 1173 1119 1215 ex
1140 1161 1185 1211 24.

105 1242 212 1306 animo
238 1244 270 1304 et
288 1241 445 1304 memoria
463 1244 576 1305 nostra
595 1240 718 1323 placuit
737 1240 870 1323 aboleri,
894 1241 940 1304 sic
959 1240 1053 1304 vobis
1078 1240 1120 1303 ad

104 1331 322 1412 praesentiam
344 1350 537 1414 responsum
561 1328 729 1392 habetote:
753 1328 910 1411 probatas
933 1327 1014 1392 mihi
1038 1328 1119 1392 satis

105 1418 317 1502 laudatasque
336 1439 406 1482 esse
426 1418 594 1481 suasiones
612 1416 776 1500 Aeschini,
796 1416 973 1480 Demadem
993 1439 1120 1502 quoque

105 1527 171 1570 non
190 1506 377 1590 improbari,
401 1506 485 1590 quod
506 1506 723 1570 constantiam
747 1527 839 1569 suam
862 1506 986 1570 civibus
1011 1505 1120 1569 curiae

68 1596 280 1680 reprobatam
308 1596 420 1678 vellet,
450 1595 505 1660 sed
534 1595 621 1659 enim
649 1593 776 1658 laudari
803 1594 975 1678 praecipue
1001 1594 1120 1658 Demo-

108 1684 269 1767 sthenem,
298 1684 353 1767 qui
376 1706 458 1748 unus
482 1704 577 1748 verae
600 1682 755 1747 utilitatis
781 1686 813 1747 et
835 1682 997 1747 commodi
1019 1683 1121 1746 vestri

106 1775 205 1835 tenax
233 1795 270 1836 ea
297 1772 405 1856 vobis,
436 1794 516 1856 quae
546 1775 655 1836 essent
684 1770 724 1835 ad
753 1770 931 1835 amicitiam
963 1774 1121 1856 nostram,

108 1861 256 1926 suaserit.
296 1859 346 1925 Sit
364 1860 464 1945 igitur
483 1860 738 1925 Atheniensibus
758 1859 911 1945 dignitas,
935 1881 1017 1943 quae
1037 1860 1120 1924 olue-

108 1949 174 2034 bat,
194 1972 297 2034 neque
317 1972 354 2013 ex
373 1971 424 2014 me
441 1950 613 2033 quicquam
628 1948 762 2012 dubium
777 1948 1010 2032 formidaverit,
1030 1948 1120 2012 ouius

67 2038 188 2103 rohaec
213 2042 262 2102 est
282 2038 333 2102 vel
356 2038 497 2102 maxima
521 2060 648 2102 summa
671 2036 861 2120 sententiae,
885 2041 921 2101 ut
945 2058 1017 2101 cum
1040 2037 1122 2101 mihi

109 2126 279 2190 adversum
309 2126 467 2190 barbaros
490 2148 549 2209 pro
578 2126 731 2189 libertate
756 2126 918 2189 communi
941 2125 1064 2189 bellum
1089 2129 1122 2189 et

108 2213 297 2277 inimicitias
321 2214 490 2298 elegerim,
513 2235 585 2278 eam
608 2212 780 2296 praecipue
804 2213 918 2277 urbem
941 2213 1121 2278 Athenien-

109 2301 193 2366 sium
226 2306 333 2384 tuear,
366 2324 447 2385 quae
481 2301 645 2366 theatrum
679 2301 842 2384 quoddam
875 2306 907 2365 et
940 2302 1119 2367 communis

16 2415 19 2423 ·
109 2389 197 2453 curia
220 2389 368 2453 videatur
392 2412 462 2454 esse
487 2389 638 2454 Graeciae
662 2388 853 2454 universae?

68 2499 95 2539 25
201 2475 258 2540 19.
301 2474 383 2541 Cum
410 2478 445 2541 in
472 2477 557 2542 hano
586 2479 781 2543 sententiam
809 2478 992 2543 Alexander
1020 2478 1121 2541 Athe·
1141 2483 1186 2536 VI.

108 2565 276 2630 niensibus
300 2565 529 2649 respondisset,
553 2567 690 2631 collecto
714 2566 855 2631 exercitu
878 2567 1121 2632 Lacedaemona
1140 2559 1186 2610 25.

108 2653 333 2737 proficiscitur.
365 2653 403 2718 ld
419 2655 505 2718 enim
521 2654 584 2719 sibi
597 2656 649 2720 vel
667 2655 977 2740 opportunissimum
992 2660 1122 2738 tempus

93 2741 356 2806 ‘Lacedaemonii
380 2742 595 2826 adrogabant,
624 2766 685 2828 quo
710 2743 827 2808 virium
854 2766 986 2809 suarum
1009 2749 1123 2827 poten-

200 2915 344 2971 lnavitor
370 2916 405 2970 A.
441 2916 564 2985 graviter
590 2916 624 2971 P.
665 2917 766 2986 Cyrum
793 2917 888 2973 Gracc.
920 2917 1022 2984 Tyrum
1045 2915 1121 2968 ΑΡ.

110 2993 127 3042 5
147 2987 250 3057 quique
269 2989 304 3042 A.
313 2988 346 3040 P.
416 2994 431 3041 7
450 2987 600 3056 profecerit
613 2988 646 3043 P.
716 2993 732 3041 8
752 2989 838 3043 vestri
857 3005 907 3043 om.
926 2989 961 3041 A.
982 2985 1122 3040 sacerdoti

110 3059 199 3116 vestri
213 3059 380 3128 dignitatem
389 3066 416 3114 ’1,
440 3058 595 3114 sacerdotio
609 3059 695 3112 vestri
708 3060 740 3113 P.
763 3059 919 3114 sacerdotio
930 3058 965 3111 A.

202 3130 249 3187 18.
284 3136 317 3185 10
336 3130 392 3185 ista
409 3131 480 3184 haee
499 3130 567 3184 Ar.
600 3129 656 3183 ista
675 3131 707 3186 P.
789 3135 821 3184 11
840 3132 937 3184 nostra
955 3144 1005 3183 om.
1025 3135 1052 3180 ’1.
1086 3128 1122 3180 ad

110 3201 299 3270 praesentiam
317 3208 346 3257 1.
378 3202 415 3257 ad
432 3200 593 3271 praeseutia
611 3200 682 3255 mihi
700 3201 777 3255 ΑΡ.
857 3206 890 3253 14
908 3198 1067 3267 improbare
1088 3198 1121 3252 P.

114 3279 146 3327 15
165 3274 269 3329 vellum
287 3274 323 3330 A.
355 3273 470 3328 laudare
489 3272 520 3326 P.
586 3278 619 3326 16
639 3273 667 3326 et
684 3271 752 3327 'LA
777 3287 807 3324 se
828 3272 861 3324 P.
930 3275 962 3323 18
981 3268 1068 3338 igitur
1087 3270 1121 3323 A.

111 3343 136 3396 ti
156 3345 190 3399 P.
224 3361 295 3413 quae
314 3361 383 3399 corr.
402 3346 435 3399 ia
452 3343 501 3412 qui
518 3342 554 3398 A.
615 3348 647 3396 19
668 3342 782 3396 dubium
801 3343 877 3398 codd.
907 3341 1001 3394 durius
1021 3341 1121 3395 Eberh.

111 3413 308 3469 formidaverit
325 3416 401 3470 A.P.
429 3411 665 3470 formidaveritis?
737 3419 770 3467 21
791 3413 924 3468 adversus
945 3413 978 3467 P.

202 3484 249 3540 le.
288 3490 322 3540 26
350 3484 380 3539 11
408 3486 481 3540 hane
508 3483 676 3540 senteutiam
703 3485 739 3538 A.
747 3484 781 3540 P.
828 3484 899 3538 haec
928 3483 1067 3539 sententia
1095 3489 1121 3537 Τ.

111 3558 147 3608 26
162 3553 281 3609 collecta
289 3558 324 3609 A.
353 3557 604 3612 LacedaemonaP.
624 3556 785 3611 demonaA.
823 3561 857 3611 28
871 3554 1078 3611 Lacedcmones
1088 3556 1122 3609 P.
