2362 3938
313 215 418 252 noman
435 214 542 253 varam
559 215 657 252 annom
676 198 748 254 XVI.
770 204 860 252 1⁸-2.
999 200 1065 266 589

107 361 162 402 rum
177 360 241 404 xxv
263 345 315 414 sit,
339 350 386 400 aut
407 359 477 401 uxor
496 360 627 400 annorum
641 363 683 402 xx
703 347 805 409 minor;
826 347 891 402 item
911 347 935 402 sl
954 349 1064 421 utrique

60 429 164 503 istllege
180 428 261 502 Papia
283 425 376 484 finitas
396 443 481 483 anuos
496 429 524 484 ln
539 429 711 485 matrimonio
727 431 907 500 excesserint,
923 430 1007 488 idest
1022 433 1065 487 uir

106 529 144 570 nx
158 528 262 582 annos,
284 526 355 566 naor
368 525 404 578 u;
424 513 487 566 item
503 512 526 566 si
541 512 649 584 cognati
670 514 741 568 inter
755 528 785 567 sa
800 516 916 569 coierint
931 529 1017 587 usque
1032 514 1064 569 ad

107 605 209 652 sertum
238 587 381 669 gradum¹
422 590 462 651 1⁸.
486 588 599 650 ²Libcra
626 596 697 650 iuter
724 612 771 651 eos
801 599 956 653 testamenti
982 596 1064 653 iactio

108 688 158 748 est,
179 680 202 734 si
225 679 270 734 ius
298 675 446 734 liberorum
469 695 484 733 a
505 679 626 751 principe
653 679 865 751 inpetrauerint3
894 679 955 735 ’aut
976 681 999 736 si
1021 682 1065 736 uir

107 755 173 840 ’(rei
183 763 324 834 publicae
339 752 463 836 causa)³
479 760 562 832 absit,
584 770 612 816 et
626 761 713 818 donec
728 760 804 817 abest
819 769 847 816 et
866 763 937 818 intra
955 779 1064 834 annum,

108 854 250 920 postquam
272 844 368 901 abesse
388 838 529 917 desierit34
550 853 596 900 aut
612 846 635 900 si
655 842 739 900 lilium
761 844 875 900 liliamue
896 861 1065 903 communem

108 930 231 1001 habeant,
254 937 302 985 aut
324 928 541 1001 quattuordecim
564 944 696 984 annorum
718 926 803 984 filium
826 928 871 985 uel
894 927 974 985 liliam
996 929 1064 986 duo-

108 1015 195 1069 decim
215 1013 370 1083 amiserint;
393 1011 438 1067 uel
453 1013 476 1068 si
491 1012 560 1068 duos
581 1014 689 1076 trimos,
712 1012 756 1067 uel
771 1020 826 1068 tres
848 1022 912 1085 post
926 1014 1065 1071 nominum

108 1096 176 1153 diem
197 1095 352 1166 amiserint,
377 1103 407 1150 ut
427 1096 496 1150 intra
517 1110 615 1150 aunum
637 1103 725 1150 tamen
741 1102 769 1150 et
789 1111 837 1151 sex
856 1111 962 1152 menses
984 1099 1065 1165 etiam

108 1196 177 1236 unus
193 1180 389 1252 cuiuscumque
405 1181 500 1234 aetatis
517 1177 630 1252 inpubes
653 1180 765 1234 amissus
785 1176 866 1235 solidi
886 1180 1007 1253 capiendi
1021 1183 1065 1236 ius

109 1271 237 1336 praestet.
281 1263 347 1318 item
363 1263 463 1335 sipost
479 1269 593 1318 mortem
608 1263 659 1317 uiri
674 1263 745 1317 intra
765 1262 857 1318 decem
874 1279 981 1320 menses
996 1280 1065 1320 uxor

109 1362 140 1403 ex
156 1363 188 1402 eo
204 1347 363 1420 pepererit,
379 1344 495 1401 solidum
512 1362 544 1401 er
560 1344 637 1401 bonis
653 1346 710 1400 eius
727 1347 805 1418 capit.

170 1426 200 1487 2.
224 1429 376 1503 Aliquando
400 1428 465 1484 nihil
493 1431 564 1484 iuter
585 1445 615 1484 se
637 1430 759 1502 capiunt:
789 1428 897 1499 idest,
925 1432 947 1486 si
970 1439 1065 1487 contra

109 1513 198 1588 legem
211 1512 304 1570 luliam
317 1511 477 1586 Papiamque
488 1511 643 1585 Poppaeam
660 1513 843 1568 contraxerint
855 1513 1064 1585 matrimonium,

109 1595 184 1653 uerbi
213 1597 301 1670 gratia
329 1597 353 1651 si
380 1595 508 1652 famosam
535 1588 698 1667 ’inpensusi
726 1611 837 1652 uxorem
867 1597 990 1669 duxerit,
1019 1607 1065 1654 aut
1129 1669 1131 1673 .

109 1679 261 1736 libertinam
276 1687 399 1736 senator.

181 1851 202 1920 ¹)
219 1853 271 1914 Qui
288 1855 332 1904 bic
350 1861 493 1918 sequuntur
511 1856 562 1905 dua
581 1870 671 1904 uersus
689 1857 716 1904 in
740 1855 798 1903 Vat.
819 1861 843 1903 et
861 1856 975 1905 addant
993 1859 1015 1906 si
1029 1860 1066 1906 uir

114 1925 180 1988 absit,
195 1933 218 1973 et
227 1924 303 1974 donec
312 1925 380 1973 abest
392 1931 416 1972 ct
427 1925 489 1974 intra
501 1939 587 1974 annum
596 1933 721 1988 postquam
732 1925 816 1972 abesse
827 1923 934 1985 desierit,
944 1940 987 1975 eas
994 1927 1066 1992 fuqi·

114 1996 177 2045 ticos
187 2009 244 2044 ease
253 2009 290 2043 ea
299 2010 328 2045 ea
339 1997 396 2044 laco
407 1996 430 2055 ἓ.
442 1997 578 2058 sequentis,
595 1997 639 2044 cui
650 2011 693 2045 eas
708 1994 866 2043 restituimus
881 1992 942 2058 (oid.
958 2002 1010 2045 not.
1024 1995 1065 2062 4.),

113 2065 161 2115 duo
175 2068 310 2121 evincunt,·
321 2066 434 2128 primum
448 2067 576 2128 incipiens
590 2073 641 2123 ant,
657 2080 705 2129 qua
720 2079 771 2113 non
785 2063 841 2124 bic,
855 2071 883 2112 at
896 2079 947 2129 seq.
962 2067 992 2127 §a
1012 2069 1066 2116 sin-

110 2137 171 2199 qulc
185 2134 297 2184 membra
311 2135 515 2199 distinquuntur,
530 2136 622 2184 deinde
637 2136 705 2199 quod
718 2135 760 2183 bic
775 2147 852 2182 casus
861 2142 899 2184 est
908 2151 959 2185 nan
970 2144 1066 2187 tantum

114 2202 202 2255 ‘solidi
224 2202 401 2268 capacitatis’,
419 2206 466 2254 sed
484 2205 580 2254 liberae
599 2207 742 2254 testamenti
758 2205 892 2266 factionis.
928 2206 991 2256 Nam
1011 2225 1066 2258 cum

112 2277 157 2324 iiia
171 2278 357 2338 complectatur
371 2290 415 2324 eas
430 2290 535 2337 causas,
551 2290 616 2340 quae
628 2277 687 2338 sere
701 2282 779 2324 extra
793 2277 946 2326 uoluntatem
963 2280 1066 2340 positae

112 2348 175 2408 sint,
194 2345 245 2395 bac
268 2344 394 2408 Ulpianus
412 2352 512 2395 ceteras
533 2346 737 2409 comprehendit,
758 2359 823 2407 qaae
845 2361 862 2395 a
882 2349 1012 2398 voluntate
1034 2365 1066 2399 ac

112 2417 201 2465 nerito
212 2415 369 2478 pendebant,
384 2422 412 2463 ut
421 2417 454 2464 iis
465 2417 496 2474 is,
509 2418 554 2479 qui
563 2417 676 2464 ultimum
685 2416 810 2464 iudicium
820 2418 991 2466 ordinaturus
1000 2427 1067 2477 erat,

112 2485 218 2535 liberam
233 2487 376 2535 testamenti
394 2486 534 2548 factionem
549 2487 752 2535 nancisceretur.
784 2482 896 2543 Quarum
915 2488 1067 2550 differentia

113 2570 252 2604 musarum
266 2556 395 2605 interdum
409 2558 485 2604 etiam
499 2558 526 2604 in
536 2571 565 2606 ea
575 2556 736 2614 cernebatur,
752 2554 820 2619 quad
829 2558 855 2604 in
866 2559 959 2620 priore
971 2573 1067 2622 qenere

112 2627 241 2689 capientis
255 2627 384 2683 condicio,
395 2632 423 2673 ut
431 2634 498 2688 puta
508 2628 616 2676 minoris
629 2633 671 2672 xx
676 2633 695 2674 V
705 2628 744 2675 ael
757 2632 800 2672 XX
812 2642 946 2685 annorum,
957 2635 1067 2690 tempore

112 2696 215 2746 delatae
230 2695 390 2752 hereditatis,
405 2697 433 2744 in
446 2698 529 2745 altero
543 2696 661 2758 defuncti
674 2698 790 2745 meritum
804 2707 916 2761 tempore
925 2702 1068 2749 testamenti

113 2766 213 2817 conditi
232 2764 415 2815 aestimabatur
434 2765 479 2832 (cs.
501 2766 638 2815 Mommsen
657 2767 693 2815 ad
709 2766 771 2831 qui
793 2769 849 2830 Uip.
865 2783 892 2830 p.
909 2767 966 2832 108).
995 2769 1067 2834 Erpa

113 2839 139 2884 in
153 2843 246 2886 nostra
259 2838 358 2898 specie,
377 2838 402 2885 si
415 2838 456 2885 air
470 2843 604 2900 antequam
622 2838 688 2899 reip.
708 2851 789 2885 caasa
806 2852 918 2903 pereqre
932 2840 1068 2901 profectus
1128 2867 1132 2872 ·

113 2913 170 2955 erat
191 2921 239 2955 nec
262 2908 365 2956 ratione
386 2907 442 2955 eius
456 2907 630 2969 profectionis
650 2913 823 2957 testamentum
841 2908 955 2970 fecerat,
977 2911 1016 2957 vel
1036 2908 1068 2957 ab

112 2991 197 3026 uxore
214 2976 290 3025 beree
307 2977 441 3025 institutus
459 2984 529 3033 erat,
548 2992 599 3025 non
615 2976 767 3039 proficiebat
785 2980 918 3034 alterutri,
939 2978 1007 3041 quad
1024 2977 1067 3025 ab·

111 3048 210 3095 sentiae
225 3053 337 3108 tempore
352 3047 479 3095 alteruter
492 3047 635 3096 decederet.
663 3046 744 3096 Secus
758 3048 785 3097 in
801 3048 933 3098 contrario
948 3061 1018 3094 casa.

113 3113 213 3181 ¹)ltem
232 3118 334 3179 supplet
353 3117 507 3181 qeminando
527 3118 680 3166 antecedens
702 3115 824 3182 (desierlit
846 3115 998 3176 Sobillinq.,·
1021 3130 1067 3177 eqo

111 3189 196 3235 malim
207 3187 282 3249 lingis
298 3186 356 3251 (mg,
372 3188 440 3250 quad
453 3186 484 3236 ab
498 3189 558 3235 olim
573 3189 725 3236 antecedens
740 3188 837 3247 gradum
850 3184 931 3244 facile
945 3185 1068 3232 excidere

107 3256 213 3320 potuit).
289 3253 310 3321 ⁸)
331 3256 410 3305 Recte
428 3257 492 3305 baec
510 3257 639 3306 excidisse
659 3257 700 3321 (ob
720 3262 804 3304 notam
823 3251 895 3316 HE)
918 3254 1069 3304 indicarunt

108 3327 132 3376 J.
150 3326 270 3389 Gatbofr.
291 3333 316 3375 et
335 3327 396 3383 atii,
416 3329 475 3375 licet
490 3326 521 3374 L.
537 3336 631 3378 sti-ss.
656 3328 687 3375 D.
703 3325 770 3388 quib.
785 3337 819 3373 ex
834 3338 903 3372 caus.
925 3327 983 3373 mai.
1000 3324 1031 3390 (4,
1046 3325 1068 3389 a)

109 3397 162 3448 alio
176 3398 364 3461 spectaverint.
395 3396 433 3459 Cf.
449 3395 572 3446 Heinecc.
588 3399 623 3446 ad
637 3397 668 3445 L.
685 3397 749 3456 Pap.
767 3394 932 3457 Papp.s,1a.
953 3397 975 3457 ξ.
991 3407 1009 3446 5.

109 3465 129 3532 ⁴)
143 3467 222 3518 Haec
236 3468 261 3517 b.
274 3469 291 3515 l.
308 3465 340 3516 ab
355 3457 570 3530 dpotocs'levror
584 3466 755 3530 inpetrauerlnt
770 3491 802 3501 -
819 3465 925 3523 desierit,
939 3467 1069 3515 excidisse

108 3539 237 3588 ridentur.
270 3536 310 3599 Of.
331 3542 383 3585 not.
399 3547 424 3587 rt
444 3536 480 3585 ad
498 3548 570 3593 1t,1.
631 3535 652 3600 6)
667 3536 720 3599 quis
739 3537 885 3599 (postquam
899 3537 923 3584 in
939 3558 971 3579 ι-
986 3552 1010 3586 ιιι
1023 3538 1069 3586 ad·
