2362 3938
112 194 177 260 590
262 209 370 247 noman
387 208 495 246 vinum
512 207 609 246 4444444.
631 191 704 246 XVI.
720 191 867 246 a-tht.
882 199 906 245 5.

175 337 204 398 3.
225 339 276 408 Qui
290 341 360 395 intra
375 330 571 412 sexagesimum
586 338 632 395 uel
647 355 715 412 qnae
729 341 798 395 intra
814 341 1067 412 quinquagesimum
1081 353 1109 403 [44

113 439 212 480 annum
236 424 326 478 neutri
351 423 409 497 legi
433 424 565 496 paruerit,
592 421 657 479 iicet
681 423 748 496 ipsis
777 421 884 496 legibus
911 431 976 496 post
1001 425 1068 481 banc

11 511 227 580 lsoapaetatem
254 506 383 563 liberatus
406 514 493 576 esset,
521 507 660 579 perpetuis
684 514 772 562 tamen
797 508 893 578 poeuis
915 499 1066 586 'tenuitur¹

113 607 146 646 en
161 600 271 646 senatus
287 590 412 647 consulto
433 582 624 646 ’Persiciauo.²
659 587 689 648 4.
715 581 780 645 ³Sed
796 589 941 646 Claudiano
958 598 1068 648 senatus

113 674 239 732 consulto
264 675 349 730 maior
369 674 542 746 sexagenario
565 673 588 728 si
610 674 741 729 minorem
769 675 997 746 quinquagenaria
1020 674 1068 731 dn·

113 760 199 828 serit,
221 756 333 831 perinde
352 756 457 813 'haberi
475 752 615 828 iubetur,¹
636 772 667 813 ao
681 758 705 812 si
720 758 808 813 minor
828 758 969 830 sexaginta
984 774 1068 814 auno·

112 857 174 898 rum
189 840 311 898 duxisset
332 855 452 898 uxorem.
488 838 561 911 quod
577 841 600 894 si
615 841 700 895 maior
720 841 947 914 quinquagenam
967 843 1066 897 minori

112 925 286 998 sexagenario
307 923 443 995 nupserit,
459 916 538 996 ’(5455
559 924 636 996 inpar
657 925 856 979 matrimonium
876 923 1026 998 appellatur
1040 932 1067 980 et

113 1015 224 1063 senatus
242 1005 367 1062 consulto
382 998 547 1061 Caluisiano⁰
566 1005 674 1062 iubetur
694 1023 748 1063 uon
763 1005 896 1080 proficere
911 1007 945 1063 ad
960 1010 1067 1082 capien-

113 1090 160 1146 das
175 1089 337 1145 hereditates
357 1096 386 1144 et
404 1089 491 1161 legata
511 1082 601 1166 ’(aut)
617 1083 732 1146 dotent.⁷
768 1092 860 1188 itaque
880 1100 988 1148 mortua
1009 1106 1067 1148 mu·

112 1172 178 1228 licre
193 1171 244 1228 dos
259 1172 357 1229 caduca
372 1167 449 1229 erit.¹¹
463 1187 544 1229 *a*

397 1342 461 1382 Tin.
477 1343 554 1385 XVII.
579 1345 621 1386 DE
637 1343 779 1386 cnnvcis.

175 1440 317 1514 1.⁹Qnod
333 1445 394 1518 quis
409 1444 459 1501 sibi
479 1451 640 1503 testamento
660 1446 799 1517 relictum,
818 1447 856 1503 ita
871 1447 923 1503 ut
915 1463 975 1506 rure
994 1448 1066 1505 ciuili

111 1546 209 1604 capere
222 1530 336 1645 possitw,
347 1527 435 1600 aliqua
450 1543 482 1583 ex
497 1545 576 1584 cansa
597 1546 652 1586 non
667 1532 784 1603 ceperit,
805 1531 934 1588 caducum
951 1531 1066 1606 appella·

43 1664 47 1672 .
113 1621 173 1684 tur,
202 1605 336 1669 ’raeinti1¹¹
363 1611 492 1668 ceciderit
520 1611 552 1668 ab
574 1628 621 1668 eo:
644 1614 721 1669 uerbi
742 1616 827 1686 gratia
849 1616 872 1670 si
894 1615 993 1671 coelibi
1022 1615 1066 1671 nel

112 1696 206 1754 Latino
221 1697 331 1754 Iuniano
346 1694 465 1768 legatum
480 1695 574 1769 inerit,
594 1712 644 1754 neo
659 1699 730 1753 intra
746 1697 803 1753 dies
819 1706 926 1754 centum
941 1698 985 1755 nel
1001 1715 1066 1755 oae-

112 1779 169 1837 lebs
185 1780 241 1854 legi
262 1780 401 1853 paruerit,
422 1779 619 1837 ue1Latinns
612 1797 654 1837 rus
670 1779 811 1848 Qniritium
832 1789 993 1839 consecutus
1013 1783 1064 1850 sit;

113 1865 194 1922 anisi
209 1871 331 1937 exparte
351 1863 431 1920 heres
448 1866 565 1938 scriptus
586 1865 630 1921 uel
652 1865 797 1939 legatarius
817 1874 878 1921 ante
900 1874 1005 1940 apertas
1026 1873 1064 1920 ta·

112 1946 189 2005 bulas
205 1949 352 2005 decesserit
367 1947 411 2004 uel
426 1943 621 2022 'peregrinns¹¹
637 1948 724 2005 iactus
741 1950 785 2004 sit.
797 1965 815 2004 4
825 1965 843 2005 4
853 1941 899 2005 *¹²
934 1947 964 2006 2.
981 1947 1066 2006 Hodie

112 2135 233 2183 54444445
245 2146 302 2180 uoce
317 2129 417 2192 famoso)
436 2131 495 2179 Vnt.
510 2132 567 2180 edd.
595 2129 649 2179 Sed
660 2130 710 2180 oid.
726 2130 763 2176 tit.
779 2138 812 2176 1s.
826 2134 853 2174 45
866 2126 921 2174 nti.
931 2143 960 2190 p.
975 2139 1023 2179 555.

116 2199 135 2267 1)
150 2200 269 2249 tenebitur
288 2199 345 2247 Vnt.
357 2198 415 2247 edd,
463 2195 483 2263 ¹)
497 2199 651 2248 Emendabit
660 2197 822 2254 Perizonius,
837 2202 865 2243 ut
877 2197 912 2244 sit
925 2211 942 2245 4
955 2197 1064 2253 Persico

113 2285 163 2321 cos
179 2285 202 2318 4.
218 2280 252 2319 54.
271 2268 409 2330 perniciano
434 2267 492 2317 Vat.
511 2269 568 2318 edd.
599 2267 712 2316 Ceterum
730 2265 764 2327 cs.
784 2264 815 2312 L.
835 2276 869 2316 55.
895 2265 920 2315 0.
940 2269 972 2317 454
991 2279 1062 2334 nupt

112 2340 143 2406 (5,
151 2338 184 2405 4).
232 2335 252 2403 5)
272 2337 356 2387 Nouae
370 2339 397 2398 §i
409 2338 519 2401 4494444444,
533 2338 602 2402 quod
610 2336 722 2385 editores
732 2344 878 2398 posuerunt
887 2345 948 2400 pest
957 2339 1065 2390 duxisset

112 2423 220 2466 uxorem,
235 2423 287 2458 nou
300 2408 503 2457 animadvertent
493 2415 530 2456 tes
543 2409 655 2463 scilieet,
676 2413 736 2455 ante
750 2409 835 2456 omnia
849 2415 920 2458 uetus
934 2417 959 2458 45
972 2426 1064 2461 nouum

112 2483 153 2530 ius
166 2479 199 2529 45
213 2478 322 2541 Ulpiano
336 2479 460 2536 discerni,
474 2478 524 2526 5444
538 2478 667 2526 transtuli.
683 2477 726 2528 De
735 2492 765 2527 re
774 2478 809 2541 cf.
817 2477 921 2530 Sueten.
932 2480 1020 2530 Claud.
1029 2493 1062 2534 55.

101 2547 134 2616 ,5)
148 2550 274 2600 habebitur
293 2548 350 2596 Vnt.
365 2548 423 2597 edd.
488 2544 682 2683 5))(544454444454
696 2550 806 2598 restitui.
834 2550 873 2598 De
887 2566 917 2599 44
932 2552 967 2615 cf.
982 2551 1013 2599 L.
1029 2563 1062 2602 45.

113 2620 139 2670 O.
154 2621 186 2670 454
201 2621 270 2683 54955.
285 2619 338 2668 544.
355 2616 385 2682 (5,
395 2617 440 2682 54).
530 2618 652 2668 04444455
662 2618 782 2668 Perizon.
797 2620 923 2669 cainitiano
937 2621 975 2684 (45
984 2632 1018 2679 55,
1028 2635 1062 2673 14.

111 2689 256 2786 pecatIano)
266 2688 323 2738 Vnt.
339 2688 396 2736 edd
462 2685 566 2752 ²)dotes
586 2689 644 2737 Vat.
660 2687 704 2754 (et)
719 2689 787 2737 dotes
801 2691 840 2739 ed.
856 2690 904 2755 Β9.
930 2692 989 2741 Vid.
1006 2691 1062 2742 nti.

107 2776 135 2823 p
146 2769 192 2810 555.
245 2755 266 2821 5)
284 2757 363 2817 Quam
377 2759 476 2821 alioqui
489 2760 579 2808 mortio
592 2774 672 2808 causa
682 2767 761 2822 pater
775 2763 815 2809 uel
828 2762 870 2809 uir
880 2762 1012 2824 capiebat:
1027 2763 1062 2827 cf.

110 2844 191 2892 supra
205 2828 379 2892 54154944
393 2843 461 2877 nunc
475 2843 509 2876 444
523 2836 560 2877 544
561 2835 670 2879 tamenta
685 2831 721 2878 ad
730 2837 829 2892 putres,
844 2839 955 2880 ceterum
968 2833 1004 2882 od
1013 2848 1063 2896 po-

107 2902 197 2964 pulum
206 2899 362 2961 pertinebat
422 2895 443 2961 5)
460 2898 498 2961 Os.
512 2899 633 2960 eufrate
649 2911 668 2951 4.
685 2913 718 2960 ro,
733 2912 766 2951 44.
781 2911 814 2958 44,
830 2911 850 2949 4
865 2913 885 2952 e.
908 2901 964 2951 Gai.
979 2915 1001 2961 4,
1015 2915 1062 2954 111.

110 2981 158 3021 144
173 2980 219 3020 585
241 2968 284 3018 Fr
299 2969 358 3017 dei.
370 2970 464 3030 fiscis.
479 2967 511 3017 L.
522 2984 564 3018 un.
581 2971 635 3030 §.n
652 2970 678 3019 Ο.
693 2971 724 3020 454
739 2972 829 3020 4444444.
841 2971 872 3037 (5,
882 2969 926 3036 51)
977 2970 1009 3037 ¹⁰)
1021 2973 1063 3022 An

111 3041 177 3090 uelut
190 3056 213 3103 q.
228 3037 330 3104 (qnod)i
396 3035 429 3103 ¹¹)
442 3053 542 3101 pereger
557 3039 668 3104 (facturn
678 3047 745 3103 puta
758 3057 793 3090 44
806 3050 867 3092 4454
880 3041 984 3107 peregr)
1005 3043 1062 3092 Vat.

111 3111 150 3160 445.
161 3109 209 3175 Bp.
260 3105 293 3174 ¹²)
310 3108 367 3159 Non
379 3116 463 3172 potest
476 3109 601 3173 Ulpianus
614 3124 665 3159 44444
679 3111 787 3193 diuisae,
802 3112 874 3194 quid
878 3115 922 3160 len
932 3113 1018 3174 Papia
1032 3113 1064 3162 454

111 3181 219 3230 caducis
237 3182 345 3229 canerit.
379 3180 414 3230 Et
432 3181 474 3229 lile
492 3186 589 3229 tantum
610 3181 741 3230 excidisse
761 3174 973 3246 dpocoas'isoaov
989 3188 1063 3244 puto,

111 3253 178 3298 uelut
191 3251 285 3299 lroece:
300 3247 442 3300 ‘Caduca'
432 3265 489 3299 rure
503 3257 548 3299 unt
549 3252 609 3314 iquo
624 3252 725 3314 quidem
738 3252 774 3299 ad
787 3250 924 3300 coheredes
937 3253 977 3298 uel
987 3252 1063 3299 44554·

108 3321 228 3384 94544544
244 3320 439 3383 pertinebant'
429 3335 486 3370 44444
503 3321 684 3380 accrescendi,
706 3328 751 3370 aut
769 3323 854 3385 549454
875 3321 902 3368 in
921 3320 1063 3368 hereditate

110 3389 283 3440 remanebant.
319 3391 364 3440 Eoo
385 3394 440 3456 5494
460 3391 545 3454 Papio
565 3398 649 3441 4445444
672 3393 800 3441 translatu
820 3397 880 3438 sunt
900 3389 935 3438 ud
957 3387 1064 3437 heredes

107 3467 199 3525 patres
213 3463 252 3510 nel
266 3463 408 3526 5494544544
422 3469 514 3524 patrea
532 3469 603 3512 certo
622 3463 713 3512 ordine
731 3464 759 3510 in
777 3461 885 3510 caducis
899 3458 1064 3508 vindicandis

112 3532 262 3591 constituto,
276 3538 305 3581 ut
317 3533 342 3581 si
354 3532 428 3581 54444
443 3534 482 3582 uel
496 3534 639 3596 legatarius
653 3540 732 3596 pater
746 3546 796 3581 non
811 3538 876 3580 esset
889 3532 928 3579 uel
942 3545 993 3579 non
1008 3529 1062 3578 uin·
