2362 3938
133 185 194 242 LVI
538 178 745 237 PRAEFATIO

224 334 289 392 548
314 333 533 403 totos-tlactac
547 329 666 405 scripsi:
690 331 958 401 totas—flammas
972 333 1003 390 V
1016 351 1053 391 ex
1071 347 1138 391 uem

138 421 342 496 antecedenti:
365 420 401 479 of.
426 422 500 479 572.

228 530 294 588 550
318 526 446 588 Graium
468 545 504 583 ex
526 524 555 582 V
578 523 707 582 restitui.

229 637 291 693 551
320 634 406 693 istius
434 631 554 707 scripsi:
582 632 676 703 maias
702 628 738 686 V.
765 659 805 669 -
826 635 935 703 percat
954 629 1138 690 Schenkelios:

134 727 259 800 peccat
280 722 318 780 V.

230 829 293 886 552
318 844 395 885 aura
419 825 538 900 scripsi:
562 829 642 897 torpa
665 823 701 880 V.

231 909 294 990 sss
318 930 438 990 aecae:
460 930 579 1006 scripsi:
602 930 730 988 cocae:
752 927 789 986 v,
837 928 891 986 sea
916 929 1095 990 mesenus
1113 925 1138 985 n

141 1019 327 1093 hominibus,
351 1018 520 1077 decedimus
544 1036 563 1075 a
584 1016 666 1076 locis.

232 1124 297 1182 560
319 1125 470 1181 eichstat
492 1125 626 1181 extremas
648 1123 776 1181 descrtm
798 1122 836 1180 ab
859 1123 982 1182 orbibus
1004 1126 1077 1183 acis.
1111 1121 1140 1179 iu

139 1211 175 1283 V,
208 1209 265 1267 nisi
300 1209 381 1284 quod
409 1203 536 1268 ‘oribus'
569 1209 705 1285 praebet.
760 1209 786 1268 si
818 1209 858 1267 cd
890 1214 1009 1285 quanta
1036 1209 1141 1270 artificis

139 1296 315 1372 confugiant
337 1296 519 1371 interpretes
543 1298 582 1355 ad
604 1296 800 1372 ineptissime
818 1316 958 1373 quaeque
976 1296 1142 1358 defendenda

140 1403 200 1445 uno
233 1385 368 1460 exemplo
401 1386 666 1462 cognoscereris,
697 1386 783 1461 legas
812 1403 890 1460 quae
918 1386 958 1445 de
986 1387 1044 1446 hoc
1069 1402 1146 1444 uersu.

141 1475 343 1552 protulerunt.
389 1474 475 1533 nobis
503 1474 659 1548 Valerius,
683 1474 710 1534 si
731 1492 765 1532 re
786 1491 861 1532 uera
890 1467 981 1534 ‘axis'
1008 1467 1142 1555 (quocum-

142 1583 201 1640 que
230 1563 318 1622 modo
347 1555 471 1643 accipis)
495 1562 678 1638 scripsisset,
700 1555 843 1638 indignus
866 1562 969 1622 hercle
997 1564 1141 1631 uideretur,

99 1723 102 1728 1
141 1653 173 1710 in
197 1672 258 1728 quo
282 1651 466 1711 emendando
496 1654 616 1726 tempus
639 1667 857 1709 consumamus.
903 1650 1009 1727 itaque
1032 1650 1142 1726 primum

141 1758 197 1816 pro
228 1733 379 1798 ‘desertus
400 1733 450 1798 ab'
480 1740 586 1815 scripsi
613 1731 745 1797 ‘deserta
769 1731 850 1813 sub'3
879 1737 991 1797 deinde
1018 1743 1071 1798 aut
1091 1731 1142 1796 ‘sub
1174 1732 1178 1737 ’

142 1827 248 1886 axibus
272 1821 374 1887 arbos'
403 1830 456 1886 aut
484 1826 648 1902 simplicius
678 1819 745 1884 ‘sub
775 1825 900 1884 orbibus
929 1821 1034 1887 arbos'
1060 1827 1142 1902 legen·

142 1917 214 1974 dum
236 1920 319 1991 puto.
347 1915 424 1974 nihil
447 1915 526 1974 enim
548 1915 618 1973 huic
635 1915 701 1973 loco
725 1913 825 1989 aptius
849 1912 909 1971 dici
921 1914 1037 1991 fingiue
1059 1911 1142 1991 posset

143 2024 233 2080 quam
259 2004 375 2063 Iasonis
404 2023 472 2063 cnm
495 2003 602 2062 arbore
630 2003 664 2061 in
686 2002 815 2061 desertis
837 2001 1017 2077 regionibus
1041 2001 1141 2062 extante

144 2092 338 2166 comparatio.
393 2092 468 2150 haec
498 2092 587 2151 lectio
618 2090 673 2149 ubi
704 2091 797 2150 semel
833 2089 1004 2165 depromta
1035 2094 1093 2166 est,
1121 2105 1142 2144 a
1177 2122 1180 2129 ·

123 2181 207 2239 '561
234 2184 264 2238 et
288 2181 351 2238 562
378 2198 414 2237 ex
437 2173 550 2254 ‘quam'
572 2179 691 2237 librarii
712 2179 848 2238 fecenmt
871 2171 995 2253 ‘quem'.

230 2269 293 2326 562
318 2285 423 2326 sursus
446 2267 645 2326 Schraderus:
668 2285 775 2328 rursus
795 2266 833 2326 V.

151 2405 154 2410 .
232 2356 296 2414 572
323 2360 402 2413 atros
437 2356 560 2414 aotaaut
576 2357 735 2426 -flactas
757 2355 875 2431 scripsi:
899 2359 964 2420 atro
985 2357 1145 2414 actaeae*

142 2444 236 2513 stacta
254 2441 282 2496 V
305 2442 393 2500 nimis
416 2443 574 2518 tautologe
598 2443 732 2501 cumeis
757 2461 834 2518 quae
856 2443 1050 2518 praecedunt.
1113 2440 1116 2447 '

232 2529 296 2587 575
320 2532 407 2601 flerat
428 2529 546 2602 scripsi:
568 2531 656 2602 flebat
677 2531 714 2588 V.

232 2617 295 2676 587
332 2618 408 2675 ilicet
423 2646 460 2656 -
478 2618 518 2675 ad
553 2619 716 2690 squalentia
753 2619 872 2694 scripsi:
909 2621 993 2678 irrisit
1014 2651 1055 2659 -
1076 2622 1147 2690 arsa

142 2704 276 2763 ardentia
298 2705 334 2763 V.
788 2755 791 2759 ,

232 2794 295 2852 604
320 2793 490 2868 asscripsi:
514 2811 550 2853 ac
571 2793 608 2851 V.

233 2884 296 2942 619
320 2885 429 2942 secanti
450 2882 536 2941 Pius:
560 2886 678 2957 sequaci
695 2883 732 2941 V.

202 2982 206 2987 ’
234 2973 299 3032 620
322 2973 446 3032 leuauit:
470 2971 590 3047 scripsi:
612 2973 754 3046 sequentis
776 2971 804 3027 V
828 2989 863 3028 ex
885 2990 914 3027 n.
937 2971 1048 3044 priore.

234 3063 295 3120 621
323 3060 496 3137 asscripsi:
521 3079 540 3119 a
562 3061 600 3121 V.

234 3151 298 3209 630
321 3152 434 3210 satiem
457 3148 697 3224 scripsiz'ac'derc
717 3147 754 3204 V.

234 3240 297 3296 646
321 3239 473 3311 hauritque
493 3240 597 3310 arastis
619 3235 736 3312 scripsi:
759 3234 872 3303 amiqua
891 3249 1016 3304 proaem
1039 3235 1075 3292 V.
1156 3235 1170 3266 s

234 3326 298 3384 648
322 3327 399 3399 sapit
420 3324 575 3383 Heinsius:
598 3327 674 3397 fauit
694 3323 731 3382 V.

233 3410 297 3468 649
320 3418 354 3469 at
376 3414 493 3488 scripsi:
517 3413 563 3470 hic
584 3412 621 3470 V.

234 3497 297 3553 652
322 3517 396 3568 quac
417 3500 622 3558 Burmannus:
646 3499 696 3570 qai
719 3494 754 3554 V·
