2362 3938
111 170 177 235 216
231 170 410 227 aplsronn
428 170 644 228 ALEXANDRI
662 171 711 225 AD
731 168 1003 228 Amsuouaunu.

109 334 196 418 quod
220 334 410 418 suspicaris,
435 356 502 400 non
524 356 602 399 auro
626 354 729 418 neque
753 336 903 420 argento,
931 356 1037 419 neque
1062 338 1127 401 ullo

108 422 258 506 metallo,
286 423 343 487 sed
366 445 498 489 veneno.
543 422 649 487 Mater
672 427 729 487 tua
751 422 941 506 turpissimo
972 447 1010 488 ac
1034 426 1126 490 mise-

108 509 212 576 rando
233 512 426 595 quandoque
446 513 534 576 exitu
552 512 716 595 insepulta
734 511 854 576 iacebit
872 512 907 576 in
925 512 990 596 via,
1010 515 1129 597 praeda

108 599 219 664 avium
242 600 456 683 ferarumque.
503 597 635 665 Sorores
658 602 734 663 tuae
757 600 868 665 felices
892 601 946 664 diu
973 607 1070 667 erunt
1095 606 1129 667 ut

81 690 146 752 stu
167 686 284 752 factae.
327 688 375 751 Tu
403 688 488 751 enim
513 687 575 751 etsi
598 688 696 751 breve
726 692 874 772 superest
900 693 1047 776 tempus,
1075 691 1129 755 do·

108 776 219 840 minus
246 781 357 840 tamen
385 776 473 840 orbis
496 779 657 839 terrarum
681 777 755 842 eris.
801 775 834 841 N
837 800 898 842 une
923 780 1020 843 modo
1045 801 1129 861 cave,

109 885 150 930 ne
179 885 240 929 nos
268 863 403 928 ulterius
428 863 611 927 scisciteris.
658 864 799 928 Proinde
828 866 944 930 excede
972 869 1129 932 terminos

110 953 177 1019 luci
193 952 299 1018 nostri
322 956 354 1015 et
378 951 419 1015 ad
437 950 616 1015 Phasiacen
635 952 820 1034 Porumque
844 956 1031 1019 revertere.'
1070 955 1130 1020 Sed

111 1046 145 1106 et
167 1040 316 1106 sacerdos
340 1039 553 1122 commonuit,
576 1042 613 1102 ut
635 1061 837 1123 pareremus,
862 1042 970 1106 dicens
994 1044 1075 1109 fletu
1100 1048 1131 1108 et

72 1150 98 1189 ro
112 1130 239 1194 ululatu
262 1132 373 1194 nostro
399 1149 506 1191 sacras
530 1127 662 1190 arbores
686 1127 813 1190 offendi.
856 1127 948 1193 Tunc
973 1152 1035 1214 ego
1056 1155 1130 1196 con-

110 1218 255 1281 tionatus
280 1217 320 1280 ad
343 1216 511 1280 universos
535 1214 655 1277 milites
679 1213 754 1298 dixi,
777 1217 815 1277 ut
831 1214 953 1279 Porum
978 1219 1019 1280 ad
1043 1219 1131 1282 Pha-

111 1305 220 1368 siacen
243 1325 283 1370 ex
305 1325 459 1389 responso
483 1305 714 1386 repeteremus,
742 1301 828 1385 quod
856 1303 951 1367 nobis
980 1304 1126 1368 faustum

111 1391 251 1477 felixque
269 1393 413 1457 futurum
433 1394 525 1455 esset
566 1389 616 1454 De
634 1393 779 1474 tempore
799 1393 908 1454 autem
929 1391 1012 1454 vitae
1032 1414 1126 1457 meae

111 1482 238 1567 reticui,
259 1503 300 1546 ne
324 1479 668 1547 acommilitatoribus
687 1484 767 1544 meis
786 1479 931 1544 deductis
955 1480 989 1543 in
1013 1479 1127 1564 despe-

72 1589 99 1632 ro
112 1571 274 1636 rationem
296 1571 331 1634 in
354 1569 544 1654 alienigenis
563 1569 754 1634 destituerer
776 1569 867 1654 locis,
890 1572 923 1632 et
947 1591 1000 1633 eas
1020 1591 1127 1654 voces,

113 1681 194 1743 quas
213 1681 252 1723 ex
269 1659 435 1741 responsis
455 1681 521 1723 una
535 1680 661 1724 mecum
676 1659 854 1743 audierant,
871 1679 910 1723 ae
923 1659 1126 1741 dioclpcrent,

110 1753 274 1824 coeman
307 1747 362 1832 qui
391 1747 443 1811 his
473 1748 659 1812 nominibus
691 1749 910 1831 appellantur:
944 1746 1127 1828 Sermition,

111 1835 271 1900 Praesidis
295 1836 395 1919 filius,
421 1840 453 1900 et
475 1836 670 1903 Nestorinus
695 1841 728 1900 et
750 1836 941 1902 Timotheus
965 1841 997 1901 et
1020 1837 1128 1902 Lacon

112 1927 146 1990 et
168 1922 372 2008 Thrasyleon
401 1928 433 1988 et
456 1924 602 1989 Deelitus
631 1929 664 1989 et
686 1925 850 1990 Machaon
877 1930 910 1990 et
934 1925 1072 1991 Onoeles
1096 1929 1127 1989 et

72 2033 100 2074 ao
115 2011 241 2078 Silbrns
265 2015 297 2077 et
317 2011 487 2078 Sunsiclus
511 2017 545 2078 et
562 2013 732 2078 Perdiccas
757 2017 790 2077 et
809 2015 956 2079 Philotas
981 2018 1014 2078 et
1036 2037 1127 2098 prae·

112 2101 215 2167 fectus
234 2102 391 2184 praetorii
410 2101 573 2166 Dierotas.
610 2101 671 2166 Sed
691 2102 831 2186 silentio,
849 2124 931 2185 quae
951 2103 1128 2186 audierant,

112 2211 152 2254 ex
175 2211 233 2254 sua
257 2189 320 2254 fide
344 2193 376 2253 et
399 2212 471 2254 meo
495 2191 651 2273 tegebant
674 2190 818 2254 consilio.

204 2333 220 2380 3
241 2327 408 2396 quatioque
422 2344 472 2382 om.
488 2327 526 2383 H.
564 2326 706 2396 insepulta
723 2325 838 2395 iacebit]
854 2324 999 2394 sepultura
1018 2326 1128 2380 carebit

113 2395 275 2466 iacebitque
285 2397 325 2453 H.
379 2401 447 2452 4ut
464 2398 536 2453 tuG.
556 2416 605 2454 om.
620 2403 666 2452 eet.
722 2393 937 2450 rsusoiteriso.
966 2395 1085 2464 proinde
1098 2398 1127 2453 Ο.

113 2468 244 2524 inderet.
326 2475 342 2522 9
361 2467 487 2523 amonuit
505 2469 574 2524 ouV.
611 2468 660 2521 sed
679 2467 707 2520 et
724 2464 835 2519 monuit
853 2467 995 2535 sacerdos,
1013 2470 1046 2522 ut
1064 2485 1127 2537 per·

150 2556 252 2607 remus,
271 2539 369 2594 fletum
388 2543 417 2594 et
435 2539 575 2593 ululatum
588 2541 713 2592 nostrum
728 2552 820 2590 sacras
839 2538 953 2592 arbores
972 2540 1068 2594 dicens
1088 2541 1128 2594 of-

98 2651 102 2659 .
126 2609 236 2666 endisse
246 2609 286 2664 H.
333 2617 365 2665 10
384 2609 561 2664 contionatus
573 2609 601 2663 0.
621 2607 886 2663 continuatusaH.
906 2609 1084 2665 continuatos
1096 2612 1127 2666 V.

116 2688 148 2736 11
168 2681 204 2736 ad
238 2685 267 2736 et
285 2681 324 2736 H.
361 2681 577 2748 Fasciacemque
596 2680 627 2734 V.
707 2685 739 2734 13
759 2695 819 2734 esse
840 2680 926 2738 ΜΒ.
964 2684 1059 2737 autem
1077 2700 1127 2737 om.

115 2753 183 2809 or.V.
223 2793 229 2805 .
324 2758 358 2805 14
375 2751 477 2805 reticui
496 2767 546 2806 om.
566 2751 680 2806 or.V.H.
709 2751 838 2806 deductis
860 2751 888 2806 0.
915 2752 1023 2807 reditus
1042 2753 1126 2808 ΠΜ.

115 2824 242 2880 redditus
260 2821 423 2878 B.G.V.H.
461 2827 494 2876 15
513 2822 612 2876 alienis
629 2821 656 2876 0.
690 2823 860 2877 destituerer
871 2824 904 2879 V.
923 2824 1079 2877 destrueret
1097 2845 1127 2877 ω.

117 2896 259 2952 desererer
278 2894 307 2951 Ο.
331 2893 442 2947 deseror
462 2893 496 2946 P.
520 2893 694 2961 dirumperet
707 2895 745 2949 H.
835 2900 868 2949 16
888 2911 923 2948 ne
942 2892 1126 2960 divulgarent,

116 2968 257 3025 voverunt
277 2965 308 3020 V.
334 2981 384 3019 om.
411 2969 457 3018 eet.
561 2969 593 3017 17
621 2963 757 3020 sermiton
784 2964 819 3020 G.
845 2964 992 3020 sermicion
1015 2961 1051 3015 B.
1059 2962 1089 3015 V.
1097 2963 1125 3016 0.

119 3045 153 3096 18
175 3037 312 3110 praesidis
339 3036 372 3090 P.
406 3034 550 3104 praesidas
579 3035 615 3088 B.
648 3035 780 3104 praesitis
808 3041 855 3092 eet.
882 3031 1049 3104 protesilaus
1073 3050 1127 3102 pro

117 3109 257 3181 praesidis
279 3108 354 3162 filius
372 3105 411 3160 H.
450 3103 607 3159 nestorinus
632 3105 664 3159 V.
689 3106 843 3161 mistorinis
862 3127 893 3159 ω.
917 3103 1077 3157 austorinus
1097 3104 1126 3158 0.

115 3182 264 3237 mistomns
282 3179 322 3234 H.
357 3177 492 3231 timothes
509 3175 631 3231 G.B.M.
654 3176 799 3245 thymotes
817 3176 848 3230 V.
926 3179 959 3226 19
977 3174 1127 3228 trascileon

118 3253 194 3308 GJ„
212 3249 366 3306 trmsileon
378 3248 410 3302 V.
429 3247 570 3302 traseleon
583 3245 622 3300 H.
641 3247 791 3300 trasicleon
805 3251 851 3300 eet.
893 3243 1012 3297 declitus
1024 3244 1060 3296 B.
1080 3244 1126 3297 de-

115 3323 207 3392 olytus
230 3322 262 3378 P.
289 3320 400 3375 deditus
423 3324 471 3374 cet.
521 3317 658 3371 machaon
675 3316 711 3376 ,0.
737 3316 857 3370 machon
878 3317 934 3369 sice
955 3329 1057 3366 mecon
1079 3320 1125 3368 cet.

114 3393 249 3449 honocles
269 3392 298 3449 0.
322 3391 428 3446 crocles
447 3390 486 3444 H.
563 3393 598 3442 20
617 3387 736 3441 cimbrus
755 3386 795 3440 H.
832 3383 967 3438 sundidus
985 3383 1021 3438 L.
1046 3384 1126 3439 sinsi-

116 3465 176 3520 olus
197 3463 226 3520 0.
263 3464 379 3534 perdica
397 3459 641 3530 G.H.perdicam
663 3463 709 3514 eet.
746 3457 855 3526 philota
875 3455 909 3510 G.
931 3454 1070 3525 phylaton
1093 3457 1125 3511 V.

116 3535 258 3607 philoctas
279 3535 317 3590 H.
340 3533 480 3605 philetam
498 3537 546 3588 cet.
617 3534 651 3586 21
671 3527 780 3584 dicrota
800 3527 834 3582 G.
858 3526 989 3581 coraodas
1008 3527 1047 3586 H.
