2362 3938
123 192 166 256 32
555 189 664 244 LIBER
682 190 703 247 Ι.

120 359 209 420 tatus
238 375 366 418 omnem
389 353 525 434 Libyam
554 356 716 438 peragrat.
762 351 877 434 Itaque
901 351 941 414 ad
964 349 1136 434 Ammona,

122 444 178 528 qui
205 443 277 507 loeo
307 442 433 507 deserto
458 441 603 525 Aegypti
632 441 826 521 celebratur,
854 440 924 521 ipse
954 440 1136 524 contendit3

36 567 40 575 ·
122 533 284 596 enimvero
305 531 462 596 exereitus
481 529 725 595 multitudinem
739 528 878 593 navibus
899 529 1136 611 superpositam

122 619 265 684 Pharum
284 619 435 684 destinat.
478 619 552 703 Ipse
576 638 653 702 ergo
677 617 840 680 Ammona
862 618 1036 681 veneratus
1061 639 1136 700 ope-

94 713 275 793 eratnsque
299 708 494 793 largioribus
518 707 638 770 ibidem
662 705 829 770 sacrificiis
850 704 1050 786 praesidium
1076 705 1138 769 sibi

122 799 229 880 operis
250 801 283 861 et
299 800 488 881 coeptorum
502 795 602 858 veluti
621 817 640 858 a
659 795 718 858 deo
737 796 830 876 patre
845 793 999 876 deposcit,
1019 793 1138 877 quippe

122 887 192 950 eius
219 885 350 950 fabulae
373 888 484 965 tenax,
512 882 598 967 qnod
621 882 754 947 huiusoe
779 881 830 945 dei
854 903 927 946 oum
950 885 1056 946 matre
1081 904 1138 965 per

122 975 284 1039 somnium
308 972 406 1037 fuerit
430 971 627 1055 coniugatio.
670 970 730 1035 His
755 969 891 1054 denique
910 970 1018 1035 verbis
1043 970 1137 1034 deum

122 1062 284 1128 convenit:
309 1060 352 1124 ‘0
375 1062 470 1142 pater
493 1057 660 1144 Ammon,'
684 1059 803 1143 inquit,
829 1057 873 1122 ‘si
897 1057 974 1143 quid
997 1060 1138 1124 materni

82 1171 108 1211 ιο
123 1149 255 1214 seminis
280 1152 330 1214 est
352 1170 479 1227 vorum,
507 1170 608 1232 eaque
637 1152 740 1213 mater
769 1150 943 1230 conceptus
967 1149 1075 1211 nostri
1100 1170 1138 1212 ex

120 1241 153 1301 te
176 1236 372 1321 prineipium
397 1241 447 1302 est
467 1237 591 1320 sortita,
615 1257 735 1320 quaeso
759 1236 808 1300 uti
827 1235 916 1300 istud
938 1235 1137 1318 adstipulere

119 1327 284 1409 praesenti
317 1346 432 1409 meque
464 1330 501 1389 ut
531 1325 636 1390 filium
668 1323 835 1408 praestes?
888 1323 993 1408 Igitur
1024 1325 1137 1390 doetus

121 1414 325 1479 evidentibus
354 1415 489 1478 monitis
512 1436 579 1479 non
603 1415 725 1497 absque
749 1434 826 1477 eura
850 1413 900 1477 sui
924 1434 994 1476 esse
1017 1435 1138 1478 numen

121 1503 216 1587 illud,
247 1506 280 1567 et
306 1503 465 1586 templum
494 1502 553 1568 deo
584 1502 750 1586 operosius
780 1505 812 1566 et
841 1502 1009 1587 augustius
1039 1502 1139 1565 fabri·

81 1595 214 1657 meatur
243 1595 275 1655 et
303 1591 343 1655 ad
372 1590 570 1675 prodendam
598 1591 757 1656 militibus
787 1591 1016 1654 confidentiam
1045 1590 1139 1655 Patri

123 1680 277 1746 Ammoni
313 1680 346 1744 id
384 1701 417 1743 se
454 1681 569 1746 feoisse
607 1680 819 1763 inscriptione
851 1682 998 1744 testatur.
1053 1678 1138 1743 Tum

122 1791 315 1852 responsum
343 1769 442 1833 etiam
472 1770 612 1854 quaesiit
640 1793 659 1835 a
689 1769 761 1848 dea,
791 1768 904 1852 eoqnid
932 1766 995 1831 sibi
1024 1789 1138 1831 monu-

122 1863 268 1923 mentum
296 1859 425 1942 imperii
454 1859 504 1923 sui
532 1858 728 1943 aliquotiens
757 1859 939 1922 instaurare
962 1856 1013 1920 fas
1042 1860 1137 1921 esset.

123 1946 242 2013 Animo
272 1948 392 2032 quippe
421 1952 613 2030 ooneeperat
640 1947 730 2012 urbis
754 1969 850 2030 quam
878 1946 1038 2010 maximae
1062 1967 1137 2009 eon-

83 2036 237 2101 auditum.
282 2035 371 2117 Ergo
394 2057 452 2118 per
476 2038 639 2100 somnium
667 2036 713 2099 sie
736 2035 879 2099 eiusdem
907 2034 959 2097 dei
985 2033 1137 2117 adloquio

54 2154 56 2160 ·
121 2124 256 2187 fruitur:

246 2225 322 2277 Haeo
341 2224 408 2291 tibi,
427 2241 489 2290 rex,
508 2223 636 2278 Phoebus
655 2223 760 2277 lunatis
779 2223 908 2277 cornibus
928 2220 993 2273 edo:

246 2295 356 2347 Nomen
375 2293 399 2347 si
417 2293 512 2362 pergis
532 2310 603 2348 aevo
623 2292 765 2348 celebrare
783 2291 912 2361 perenni,

247 2363 319 2418 Urbs
338 2363 392 2417 tibi
411 2364 555 2418 condenda
574 2365 631 2430 est,
650 2380 707 2432 qua
725 2365 783 2417 stat
801 2361 913 2415 Proteia
930 2359 1030 2425 tellus,

81 2453 107 2495 εὖ
246 2433 391 2488 Praesidet
409 2435 437 2488 et
455 2451 560 2487 numen
578 2433 625 2488 oui
642 2433 707 2488 Dite
725 2432 868 2502 potentius
886 2431 964 2499 ipso,

245 2504 357 2559 Vertiee
377 2503 569 2574 quinqueiugo
587 2521 680 2559 rerum
699 2504 808 2558 secreta
825 2502 992 2572 gubernans.

210 2627 522 2684 23.1atham0nia1>.
552 2644 704 2682 ammonan
721 2634 749 2681 Τ,
809 2627 906 2680 2loco
926 2625 1028 2680 Eberb.
1056 2627 1135 2681 loeus

123 2698 207 2754 Oodd.
240 2700 352 2753 deserta
371 2699 404 2751 P.
447 2697 664 2753 3multitudine
681 2699 799 2754 navibus
817 2696 950 2766 imposita
968 2703 996 2750 r.
1033 2703 1135 2765 tope-

121 2770 254 2837 ratusque
264 2770 297 2823 P.
318 2768 497 2837 operatisque
506 2769 542 2824 A.
574 2784 732 2822 ammonem
746 2769 953 2839 generatusque
967 2768 1135 2836 largioribus

121 2839 227 2894 ibidem
251 2839 374 2909 praediis
393 2845 420 2893 Τ.
454 2840 488 2907 ef.
508 2839 604 2894 Haase
624 2840 742 2894 Miscell
761 2839 832 2908 paiz.
852 2840 895 2892 II
907 2856 938 2908 p.
953 2844 997 2894 19.
1030 2838 1135 2892 ibidem

46 2967 48 2970 Α
121 2928 172 2965 om.
192 2911 269 2965 ΑΡ.
340 2913 459 2966 'ltenax
477 2927 528 2965 om.
547 2917 574 2966 Τ.
604 2909 686 2964 huius
705 2911 737 2964 P.
807 2912 934 2964 9mater
952 2908 1086 2964 sermonis
1107 2916 1134 2963 Τ.

122 2988 156 3037 10
176 2997 209 3037 ea
229 2997 282 3051 que
297 2982 330 3035 P.
369 2987 401 3034 11
422 2979 632 3051 adstipulator.
659 2981 814 3062 astipulare
828 2980 863 3035 A.
888 2980 1041 3049 astipulare
1055 2996 1135 3047 prae-

122 3054 219 3107 sentiis
240 3053 274 3106 P.
344 3058 377 3106 13
396 3069 453 3106 non
472 3053 578 3120 absque
596 3069 699 3106 numen
716 3051 790 3106 illud
809 3068 869 3106 essa
888 3068 983 3105 curam
1003 3051 1046 3104 sui
1065 3053 1134 3106 M.

121 3125 235 3179 euraP.
255 3125 354 3192 (cetero
370 3125 546 3193 sicutr.n.);
565 3125 712 3179 emendavi.
757 3128 789 3176 16
809 3139 838 3176 se
858 3125 953 3177 om.A.
997 3126 1029 3173 17
1050 3138 1134 3187 quae-

122 3195 171 3249 siit
196 3201 224 3247 1.
266 3194 376 3261 quaesit
405 3196 440 3249 P.
482 3194 640 3262 quaesitum
668 3195 703 3248 A.
766 3194 795 3248 et
823 3193 890 3260 quid
918 3199 945 3245 Τ.
954 3194 987 3246 Ρ.
1015 3209 1069 3259 quo
1098 3195 1133 3248 A.

123 3269 156 3318 18
176 3265 346 3333 aliquotiens
367 3272 394 3320 Τ.
424 3264 540 3334 aliquod
559 3266 636 3320 ΑΡ.
698 3271 730 3319 19
750 3263 853 3333 quippe
872 3262 949 3318 ΑΡ.
981 3269 1134 3330 quoquer.

123 3341 157 3389 20
176 3336 235 3391 eius
255 3336 322 3389 Μ).
367 3343 400 3390 22
420 3336 549 3391 Phoebus
568 3336 625 3391 Mr.
650 3338 764 3405 (Φοῖβος
785 3333 902 3403 Gnaeo).
926 3333 1041 3388 Phoeba
1059 3333 1134 3388 AP.

121 3405 334 3461 Phoenissae.
368 3406 494 3462 Phoebes
514 3407 600 3461 Mae.
705 3412 737 3460 23
756 3403 852 3474 pergis
874 3411 902 3460 1.
911 3406 942 3458 P.
977 3420 1079 3472 pergas
1097 3405 1134 3460 A.

122 3482 157 3531 25
177 3477 244 3532 ditis
258 3477 356 3531 mundi
370 3477 512 3547 potentius
523 3484 550 3530 r.
557 3478 589 3533 P.
624 3477 804 3548 Quaecumque
819 3481 882 3544 post
901 3492 992 3531 versas
1006 3477 1135 3543 leuantur

123 3550 154 3601 ia
173 3547 242 3603 ’1.Α.
262 3564 345 3617 usqae
363 3551 402 3604 ud
416 3567 446 3618 p.
462 3553 562 3617 43,22,
580 3550 677 3604 desunt
694 3549 726 3603 ia
744 3548 776 3601 P.
