2362 3938
106 185 168 253 188
257 186 473 243 summum
492 186 570 243 CUM
588 186 747 243 DINDIMO
767 187 957 248 comme.

101 370 167 414 uon
199 349 336 416 alicuius
368 350 619 435 temperamenti
647 349 826 416 moderatio
854 351 1042 436 gubernans
1070 353 1117 418 fa-

100 441 187 502 ceret
213 440 364 506 tristibus
394 441 480 506 laeta
510 440 691 522 succedere,
720 439 880 525 siquidem
908 441 1009 505 variis
1038 442 1116 507 casi-

99 524 161 591 bus
183 529 336 595 voluutas
353 531 498 594 humana
521 536 554 594 et
576 529 763 599 mortalium
781 550 872 593 mens
896 530 970 612 ipsa
989 529 1118 596 diversa

101 614 145 680 sit
182 638 219 681 ac
251 639 311 701 pro
344 618 566 684 vicissitudine
601 621 786 702 temporum
822 617 969 683 motibus
1007 640 1119 684 causa·

66 711 88 784 [a
101 724 173 769 rum
196 726 326 791 semper
348 710 489 790 aptatur.
536 705 729 772 Animorum
758 706 835 791 quin
864 707 965 771 etiam
995 708 1119 791 species

100 814 175 858 cum
198 795 280 860 coeli
303 796 488 862 mutatione
511 799 682 861 vertuntur
710 799 743 860 et
768 794 890 879 liquido
914 795 1044 878 quidem
1070 798 1120 861 die

100 883 221 969 nitent,
248 888 362 950 coacta
385 906 462 949 vero
490 885 575 948 nube
604 883 771 950 fatiscunt.
816 884 967 968 Ipsorum
991 906 1120 970 quoque

102 993 254 1040 sensuum
272 973 359 1039 ratio
377 995 444 1039 non
462 973 570 1038 miuus
589 972 755 1038 instabilis
774 972 899 1037 videtur
917 993 998 1055 esse,
1018 995 1120 1061 ,quam

103 1062 288 1147 multiplex,
317 1066 350 1128 et
377 1084 444 1127 non
472 1062 578 1127 solum
605 1063 716 1144 rebus,
745 1061 803 1126 sed
831 1061 929 1126 etiam
957 1063 1120 1128 aetatibus

62 1173 89 1215 ιο
103 1151 301 1216 immutatur.
355 1150 442 1216 Hinc
472 1154 537 1233 est,
568 1150 653 1234 quod
684 1149 894 1235 simplicitate
925 1150 1047 1234 gaudet
1076 1153 1122 1216 iu-

103 1239 216 1326 fautia,
238 1241 422 1305 temeritate
441 1239 591 1305 iuventus
616 1239 765 1322 exsultat,
787 1239 924 1303 canities
948 1239 1120 1304 imbecilli·

102 1332 172 1394 tate
196 1329 352 1395 tardatur.
399 1327 478 1404 Quis
507 1329 593 1392 enim
622 1330 680 1392 aut
708 1326 877 1391 audaciam
901 1329 1121 1413 astutiamque

103 1419 241 1503 requirit
269 1419 304 1483 in
326 1439 426 1503 puero
455 1416 570 1482 autin
594 1415 798 1480 adolescente
823 1417 1041 1481 constantiam
1066 1423 1122 1483 aut

105 1508 324 1574 mobilitatem
347 1506 452 1591 poscit
473 1506 508 1570 in
529 1504 664 1570 vetulo?
699 1504 804 1568 Multa
827 1509 912 1587 sunt,
937 1527 1019 1589 quae
1038 1507 1121 1571 visui

67 1620 94 1663 rs
107 1602 239 1677 uestro,
270 1598 334 1662 alia
363 1616 444 1680 quae
474 1594 615 1678 auditui,
644 1593 805 1658 nonnulla
835 1615 917 1677 quae
948 1595 1041 1659 odori
1070 1597 1122 1660 vel

106 1687 210 1750 tactui
234 1687 285 1752 vel
309 1683 418 1770 sapori
439 1683 638 1766 voluptuosa
661 1685 866 1764 succurrunt,
891 1682 1008 1766 quibus
1033 1705 1121 1749 aeru-

105 1795 263 1858 mnarum,
287 1795 367 1857 quas
387 1793 426 1835 ex
444 1771 557 1836 labore
577 1771 810 1854 contrahimus,
831 1772 1012 1836 mulceatur
1032 1794 1122 1857 aspe-

104 1862 202 1945 ritas,
226 1861 329 1926 etita
351 1860 447 1925 modo
472 1859 717 1943 saltationibus,
740 1859 835 1925 modo
860 1859 1011 1924 cantibus
1035 1862 1122 1926 oble-

105 1955 242 2032 ctamur,
260 1970 504 2032 nonnumquam
524 1949 623 2013 etiam
645 1949 803 2014 suavitate
824 1949 932 2012 odoris
952 1950 1005 2013 vel
1025 1953 1123 2034 gustu

64 2062 92 2103 so
107 2037 284 2104 dulcedinis
318 2042 375 2102 aut
407 2041 576 2103 contactus
610 2038 729 2102 blanda
762 2037 901 2102 mollitie
933 2037 1122 2104 refovemur.

106 2126 250 2203 Quorum
274 2128 421 2192 omnium
440 2127 536 2192 nobis
556 2129 739 2211 suggerunt
757 2126 919 2190 elementa
942 2128 1125 2211 materiam,

104 2237 188 2300 quae
220 2216 319 2280 etiam
350 2216 438 2280 vitae
472 2224 604 2281 nostrae
639 2215 814 2279 creduntur
848 2233 934 2281 esse,
952 2214 1122 2295 principia.

105 2303 252 2380 Quorum
286 2305 504 2388 permixtione
526 2303 702 2369 ‘contraria
737 2300 869 2365 humani
906 2299 1034 2382 generis
1073 2301 1122 2364 ita

105 2395 270 2458 structura
305 2393 473 2477 conditur,
511 2395 547 2457 ut
583 2390 830 2473 unumquodque
868 2388 934 2451 suis
970 2387 1121 2469 partibus

65 2499 92 2547 aa
106 2481 311 2546 satisfaciens
340 2483 401 2546 sub
426 2480 667 2565 dispensatione
689 2477 783 2541 uobis
811 2475 937 2539 tribuat
959 2475 1121 2541 familiare

106 2569 303 2654 subsidium,
339 2592 404 2655 quo
438 2571 541 2634 moles
576 2587 731 2650 corporea
766 2564 929 2649 sapienter
961 2563 1123 2631 fabricata

198 2786 212 2834 1
240 2780 411 2851 gubernaret
438 2780 468 2834 et
489 2778 525 2832 B.
608 2782 624 2831 b
652 2792 762 2847 semper
787 2791 837 2831 om.
859 2773 895 2830 R.
933 2776 1063 2845 raptatur
1086 2777 1122 2830 B.

107 2851 189 2920 aptat
206 2849 393 2920 cogitationes
414 2850 447 2905 P.
480 2849 636 2903 animarum
655 2848 690 2903 L.
763 2845 846 2902 odie
865 2863 914 2904 om.
936 2846 972 2904 R.
1049 2848 1124 2902 'ifa-

106 2922 220 2976 tescunt
240 2920 313 2976 L.P.
346 2937 457 3004 quoque
481 2919 624 2991 sensuum]
647 2934 715 2975 vero
739 2936 854 3001 casuum
876 2919 912 2974 B.
993 2919 1125 3042 erebus}

106 3008 184 3118 iiiii
199 3007 263 3118 rvedl1
263 3009 312 3142 nii,
319 2991 502 3117 qudddddiiid
524 2990 945 3131 elstuticdbliqudelllllbbituliam
968 2995 1023 3115 121.2
1041 2990 1125 3115 aidi-

107 3132 179 3189 eiam
199 3134 236 3190 B.
273 3133 421 3188 scientiam
442 3133 476 3187 P.
571 3139 603 3188 13
623 3134 750 3202 requirat
767 3133 803 3188 R.
841 3132 1040 3200 constantiam]
1059 3148 1125 3185 con-

107 3203 257 3259 tinentiam
282 3205 317 3258 L.
408 3209 443 3257 14
465 3207 566 3273 poscat
591 3205 666 3259 ΕΒ.
760 3208 792 3257 15
817 3203 908 3273 odori]
935 3199 1066 3256 odoratui
1088 3202 1123 3255 B.

109 3279 142 3329 lb
161 3275 238 3328 actui
261 3275 295 3332 L.
304 3275 337 3330 P.
431 3280 463 3329 18
482 3274 700 3329 salutationibus
723 3273 759 3326 L.
852 3278 884 3326 19
904 3271 991 3325 etiam
1012 3285 1062 3324 om.
1087 3272 1123 3324 B.

107 3350 143 3400 20
162 3347 322 3401 contractus
340 3345 377 3402 R.
409 3344 563 3400 blanda-
579 3348 613 3398 23
632 3341 818 3413 permixtione
836 3357 887 3396 om.
906 3341 942 3396 Β.
1013 3345 1046 3393 22
1067 3356 1124 3393 cre-

108 3415 211 3471 dentur
229 3417 262 3472 P.
353 3422 388 3471 23
407 3414 609 3486 praemixtione
632 3415 668 3468 R.
706 3412 822 3467 humaui
844 3411 953 3480 generis
976 3426 1027 3465 aaa
1047 3409 1082 3464 L.
1090 3411 1123 3465 P.

107 3486 150 3540 ita
169 3487 205 3541 R.
234 3504 285 3543 ona
304 3493 351 3544 cet.
417 3493 453 3543 24
471 3492 503 3542 ut
520 3485 555 3541 R.
577 3486 614 3540 et
631 3490 678 3541 cet.
715 3489 750 3538 25
768 3481 868 3538 tribuit
885 3481 921 3537 B.
949 3479 1072 3535 familias
1090 3481 1123 3534 L.

107 3555 313 3613 familiaritatis
332 3559 367 3615 P.
