2376 3938
149 181 212 244 122
397 138 400 143 ⁴
496 178 526 234 o.
544 172 683 234 vanum
700 166 832 235 rnhccr

143 346 224 389 nunc
247 345 306 406 quo
331 345 362 387 se
386 335 519 408 raperet,
543 345 623 387 nunc
648 345 707 406 quo
730 326 870 414 diuersus
892 324 1001 411 ahiret,

145 423 212 477 tnte
236 415 356 496 uidens,
381 422 513 494 quotque
535 433 615 476 unus
638 432 731 493 eques
754 414 958 477 confunderet
981 429 1063 498 arua,
1163 429 1164 432 ’

144 513 338 583 errantesque
362 505 445 564 uiros
468 520 557 582 mam
580 503 680 564 densis
703 505 824 564 sisteret
845 503 950 566 hastis.

144 611 261 673 quaque
284 595 395 654 iterum
417 595 507 654 tacito
530 593 639 673 sparsit
661 610 736 672 uaga
757 590 871 653 lumina
893 592 984 655 uultu

145 690 196 743 aut
218 682 320 742 fratris
344 698 491 760 quaerens
515 688 566 741 aut
587 682 668 759 pacti
690 681 825 760 coniugis
848 681 958 763 arma,
1106 668 1139 740 lli

145 788 224 832 unus
246 768 289 830 ihi
312 771 438 830 miserae
462 768 602 848 solusque
626 771 759 829 occurrit
781 768 877 830 lason.

143 867 217 919 tunc
240 858 286 918 his
309 874 480 938 germanam
502 857 687 939 adgreditur,
711 875 767 918 ceu
781 860 904 938 nescia,
928 857 1033 920 dictis:

146 941 239 1026 ‘quis,
261 964 382 1027 precor,
405 945 467 1027 hic,
490 953 553 1007 toto
577 942 749 1006 iamdudum
772 944 891 1006 feruere
915 952 1024 1027 campo

146 1052 236 1113 quem
258 1042 345 1094 tueor
369 1051 518 1113 quemque
541 1035 606 1113 ipsa
630 1030 738 1095 uides?
762 1052 830 1095 narn
852 1041 884 1095 te
907 1052 1032 1114 quoque
1054 1021 1110 1117 nli·

40 1116 43 1122 ’
145 1124 435 1183 attonitamuirtute
459 1118 549 1183 reor?
595 1130 699 1184 contra
722 1140 827 1201 aspera
848 1121 924 1182 luno
1108 1118 1141 1182 tlt

144 1208 244 1269 reddit
267 1225 367 1288 agens.
381 1209 509 1270 silmulis
532 1229 566 1271 ac
590 1210 663 1271 diris
685 1209 840 1272 fraudibus
862 1219 962 1290 urget.

145 1291 267 1375 ‘ipsum'
292 1299 332 1358 ait
355 1292 534 1358 ‘Aesoniden
558 1301 670 1379 cernis,
693 1316 792 1381 soror,
815 1314 946 1378 aequore
971 1307 1057 1361 tanto

144 1383 245 1445 dehita
268 1387 385 1464 cognati
407 1388 517 1465 repetit
540 1389 592 1465 qui
614 1387 727 1448 uellera
749 1386 859 1468 Phrixi,

145 1491 201 1534 nec
224 1492 305 1535 nunc
327 1473 413 1535 laude
436 1476 520 1555 prior
542 1477 661 1554 generis
688 1493 744 1535 nec
768 1476 910 1554 sanguine
936 1476 1127 1556 q'uisquai'n.¹

146 1564 267 1644 aspicis,
291 1571 325 1624 ut
347 1563 460 1642 Minyas
482 1565 562 1624 inter
584 1580 786 1643 proceresque
811 1562 936 1643 Cytaeos
978 1623 984 1629 ,
1106 1558 1144 1622 io

144 1653 254 1712 emicet
277 1652 422 1731 effulgens
445 1653 622 1730 quantisque
645 1651 769 1713 insultet
792 1653 922 1732 aceruls3

145 1746 177 1798 et
198 1741 258 1799 iam
281 1739 347 1800 uela
370 1739 463 1822 dabit,
486 1741 545 1800 iam
566 1740 654 1801 htora
676 1747 779 1801 nostra
801 1740 964 1823 relinquet,

146 1825 314 1888 Thessaliae
339 1828 440 1888 felices
463 1846 536 1907 opes
558 1827 724 1907 dilectaque
747 1827 858 1889 Phrixo

146 1932 218 1975 rura
239 1923 354 1995 petens.
400 1923 448 1976 eat
471 1923 559 1994 atque
583 1917 697 1976 utinam
720 1924 901 1996 superetque
925 1910 1074 1978 lahoresl'
1128 1992 1131 1997 ,

145 2010 263 2064 tantum
286 2005 372 2065 effata
395 2006 487 2082 magis
512 2007 625 2083 campis
648 2005 803 2066 intendere
827 2004 942 2086 suadet,
1111 2011 1147 2063 oti

144 2091 218 2152 dum
242 2091 341 2173 datur,
365 2091 555 2170 ardentisque
579 2095 639 2152 uiri
660 2110 839 2172 percurrere
862 2109 994 2171 pugnas·

191 2179 229 2240 ht
251 2181 340 2241 simul
362 2180 438 2241 hanc
461 2180 561 2262 dictis,
584 2180 667 2240 illum
690 2180 745 2241 dea
767 2178 860 2240 Marte
884 2139 1020 2242 secundo

146 2267 255 2347 inpulit
278 2269 373 2348 adque
398 2286 491 2329 nouas
514 2271 574 2346 egit
597 2268 653 2328 suh
676 2277 797 2347 pectora
820 2270 911 2328 uires.

146 2374 198 2417 ora
222 2356 277 2417 sub
300 2358 418 2417 excelso
441 2356 613 2417 iamdudum
635 2358 749 2417 uertice
774 2358 842 2416 coni

147 2461 236 2504 saeua
259 2447 368 2504 micant
392 2462 543 2523 cursuque
567 2444 696 2505 ardescit
718 2462 774 2504 nec
797 2442 864 2524 tihi,
888 2442 993 2526 Perse,
1107 2444 1146 2513 ‘til

147 2548 202 2591 nec
224 2531 293 2612 tihi,
316 2533 416 2612 uirgo,
434 2530 521 2592 iuhae
545 2531 680 2593 laetabile
704 2532 786 2592 sidus
809 2531 951 2613 Achiuae,

146 2635 215 2679 acer
237 2626 272 2679 ut
295 2627 436 2679 autumno
460 2621 542 2680 canis
564 2623 700 2700 iratoque
723 2621 811 2681 locati

147 2704 183 2767 ab
205 2707 276 2768 Ioue
300 2707 403 2767 fatales
427 2707 463 2768 ad
486 2725 577 2787 regna
599 2711 710 2770 iniusta
733 2716 874 2769 cometae.

146 2813 202 2857 nec
226 2815 279 2857 sua
303 2795 464 2857 Crethiden
486 2795 572 2858 latuit
595 2798 650 2858 dea
672 2799 794 2877 uimque
817 2803 974 2857 recentem

147 2887 237 2946 sentit
260 2888 306 2965 agi
324 2884 467 2946 memhris
490 2903 524 2946 ac
548 2903 580 2946 se
604 2904 695 2965 super
719 2888 834 2965 agmina
856 2883 943 2964 tollit,
1110 2884 1149 2944 iit

147 2982 274 3052 quantus
298 2973 349 3035 uhi
372 2975 436 3053 ipse
459 2974 528 3054 gelu
551 2991 718 3054 magnoque
741 2975 875 3035 incanuit
898 2972 996 3033 imbre

145 3059 295 3123 Caucasus
319 3071 349 3124 et
372 3078 502 3123 summas
526 3062 598 3123 ahiit
620 3062 765 3123 hibernus
787 3065 819 3123 in
842 3070 950 3123 arctos.

145 3156 218 3211 tunc
232 3168 328 3232 uero,
352 3146 475 3211 stabulis
495 3150 590 3230 qualis
612 3151 660 3210 leo
684 3153 780 3212 saeuit
802 3151 909 3229 opimis

145 3236 298 3299 luxurians
322 3241 493 3318 spargitque
515 3239 624 3299 famem
646 3247 801 3319 mutatque
825 3247 959 3318 cruores,

146 3326 189 3385 sic
212 3344 309 3405 neque
332 3335 416 3406 parte
440 3327 525 3387 ferox
548 3338 603 3387 nec
627 3317 718 3388 caede
737 3334 871 3388 moratur
894 3329 926 3387 in
948 3332 1010 3387 utin
1109 3318 1149 3384 iti

145 3412 284 3478 turbidus
306 3417 397 3496 inque
420 3428 524 3476 omnes
547 3417 660 3494 pariter
682 3417 757 3477 iurit
780 3433 814 3476 ac
836 3414 925 3476 modo
949 3420 1041 3476 sterio

139 3518 228 3593 ense,
253 3507 346 3572 modo
365 3506 479 3570 htiestn
498 3511 660 3566 rarescunt
679 3504 802 3580 ‘cuspide
819 3509 946 3563 turmae.
