2362 3938
352 177 648 235 Anconaurroon
665 177 775 233 LIBER
792 177 826 232 V.
1032 178 1093 243 101

79 326 163 410 ‘ergo
188 347 245 389 nee
268 327 316 388 bic
339 331 451 389 nostris
474 327 663 388 deratlahor
686 326 798 387 arduus
821 322 906 387 actis'

79 420 192 499 excipit
209 416 372 477 Aesonides
396 411 438 477 ‘et
461 435 517 477 ceu
540 416 614 476 nihil
636 430 764 495 aequore
788 417 884 495 passis

79 506 198 568 additus
220 507 279 569 iste
302 500 409 584 quies?
432 507 554 565 ueniant
577 522 667 583 super
690 503 763 565 haec
787 522 906 582 qnoque
929 503 991 564 lato

79 595 156 656 bella
178 611 256 655 meo.
302 611 362 653 non
385 593 465 654 hune
488 611 581 672 parua
604 593 677 653 mihi
699 592 788 653 caede
812 592 947 652 dolorem
1044 603 1096 653 545

81 701 214 763 quasque
238 681 320 743 dedit
342 681 406 742 luet
427 681 476 741 ille
500 677 619 741 moras?
665 689 729 743 tum
753 681 876 742 Castora
898 682 998 762 mittit,

81 775 131 852 qui
154 771 234 832 ferat
255 770 344 830 Aeaei
367 772 456 830 sociis
480 788 623 849 responsa
647 773 772 850 tyranni.

81 859 201 923 acribus
225 866 270 943 555
293 859 359 918 illos
383 861 465 919 curis
487 875 571 919 mora
594 877 683 920 saeua
705 858 848 941 trahebat,

81 968 114 1009 ac
138 947 228 1009 simul
251 954 286 1008 ut
308 947 406 1008 medio
430 946 572 1008 uiderunt
596 947 717 1007 Castora
740 966 853 1030 campo,

81 1037 216 1100 crebrior
238 1037 362 1096 incessit
385 1043 516 1096 mentem
537 1055 639 1114 pauor.
686 1031 715 1095 ‘o
738 1036 818 1096 louis
841 1035 915 1096 alma
1045 1046 1098 1096 550

80 1127 249 1206 progenies,
272 1125 348 1205 fare,
372 1142 409 1184 an
431 1126 558 1203 patriam
581 1143 649 1204 spes
672 1124 732 1185 ulla
754 1123 885 1206 uidendi,

81 1208 155 1276 lare'
180 1231 293 1273 omnes.
338 1211 387 1273 ille
411 1215 442 1273 in
465 1212 571 1272 mediis
595 1215 637 1272 sio
661 1232 748 1274 orsus
771 1213 909 1277 Achiuis:

82 1299 148 1365 ‘nec
172 1301 255 1363 ferus
280 1302 399 1383 Aeetes,
422 1309 456 1362 ut
479 1301 568 1382 lama,
592 1321 647 1362 nec
671 1322 761 1362 aurea
784 1303 872 1363 nobis
990 1294 992 1298 ⁴

81 1400 165 1471 terga
187 1397 289 1470 negat3
313 1389 390 1450 bello
414 1392 530 1450 interea
553 1390 605 1450 sed
629 1409 752 1469 pressus
775 1393 878 1470 iniquo
980 1397 982 1401 ’
1011 1382 1019 1391 ’

81 1480 225 1541 auxilium
246 1480 335 1559 petit,
359 1486 487 1538 armatos
511 1478 571 1538 dcix
594 1476 730 1556 protinus
754 1497 857 1538 omnes
1046 1488 1097 1538 555

81 1568 250 1629 adcelerare
273 1566 368 1647 iubet;
391 1567 479 1645 longo
503 1585 572 1627 nam
594 1574 657 1626 tuta
680 1585 802 1626 recessu

82 1659 191 1737 puppis
216 1663 246 1714 55
270 1655 403 1733 adposita
425 1655 536 1717 flotarius
559 1655 730 1715 defenditur
753 1650 848 1715 urbe'

124 1743 210 1805 Haud
234 1761 330 1824 mora3
353 1744 525 1825 prosiliunt,
549 1762 623 1822 quos
647 1763 702 1804 nec
725 1742 856 1822 Riphaea
879 1745 1030 1825 iuuentus,

81 1852 155 1913 quos
179 1850 236 1892 neo
259 1831 352 1892 Hiber
374 1841 425 1893 aut
448 1840 509 1892 tota
533 1835 595 1892 suis
618 1832 733 1892 Aurora
755 1831 904 1911 pharetris

81 1924 235 1983 sustineat.
282 1922 366 1981 stetit
389 1921 526 2000 explicito
550 1923 634 2000 prins
658 1923 772 1999 agmine
796 1919 900 2002 pubes,
1044 1931 1097 1981 565)

80 2010 258 2090 expertique
282 2009 382 2090 simul,
406 2011 431 2070 si
453 2009 511 2071 tela
536 2018 677 2088 artusque
702 2017 874 2088 sequantur.

79 2117 136 2160 neo
160 2098 319 2177 quisquam
342 2098 419 2158 freta
442 2116 498 2159 nec
520 2101 631 2177 patrias
654 2100 713 2157 iam
736 2100 859 2176 respicit
881 2095 981 2178 urbes,

79 2187 134 2263 sed
157 2188 258 2265 magis¹
275 2186 311 2247 ad
333 2205 476 2265 praesens
499 2189 560 2247 itur
583 2187 684 2247 decus.
729 2188 821 2246 incita
844 2188 951 2246 cristas

81 2293 156 2337 aura
175 2276 286 2354 quatit,
309 2276 401 2334 uariis
424 2275 511 2336 floret
533 2278 582 2335 uia
606 2274 734 2335 discolor
758 2277 857 2356 armiS,

81 2363 177 2443 qualis
201 2362 239 2424 ab
263 2361 381 2424 Oceano
405 2363 564 2424 uolucrum
587 2365 696 2423 chorus
720 2363 841 2422 aethera
863 2365 965 2446 uestit,
1045 2371 1098 2422 555

83 2451 220 2531 qualibus
245 2450 409 2530 adsurgens
432 2471 491 2512 nox
514 2471 604 2512 aurea
626 2454 755 2530 cingitur
778 2455 875 2513 astris.

79 2540 149 2601 illos
173 2540 242 2601 Sole
266 2547 348 2601 satus
371 2543 461 2601 tacita
483 2543 698 2602 maestissimus
720 2542 765 2600 ira

81 2631 210 2690 miratur
232 2636 345 2690 temere
370 2628 535 2711 adsumtos,
558 2648 613 2690 nec
637 2630 706 2690 talia
728 2630 828 2690 mallet

79 2716 203 2800 robora,
226 2735 316 2796 quam
338 2718 453 2778 medios
474 2718 592 2779 hostem
616 2717 743 2778 subiisse
766 2728 897 2798 penates,

78 2807 195 2867 interea
218 2806 296 2866 laeto
319 2809 432 2886 patitur
456 2809 593 2867 conuiuia
617 2808 704 2867 uultu
770 2813 772 2818 '
1044 2816 1097 2866 570

80 2902 110 2955 et
132 2896 216 2954 iuxta
238 2893 407 2955 Aesoniden
430 2912 536 2973 magno
560 2903 675 2955 cratere
698 2895 817 2955 lacessit

78 3000 160 3042 nune
184 2981 242 3043 sibi
265 2991 480 3044 monstrantem
504 2992 589 3044 natos
608 2983 687 3044 louis
711 3002 822 3060 oraque
846 2985 927 3043 iuna

78 3070 255 3152 Aeacidum,
278 3089 357 3132 nunc
381 3075 509 3151 ingentis
533 3072 697 3152 Calydonos
721 3071 868 3150 alumnos3

78 3158 161 3219 audit
184 3166 216 3219 et
238 3159 361 3220 Alciden
384 3160 505 3220 infando
529 3179 631 3221 errore
655 3159 794 3219 relietum

78 3246 263 3326 defletosque
288 3248 379 3309 duces
402 3257 560 3328 terraeque
584 3251 733 3327 marisque
757 3247 882 3306 labores.
1042 3255 1094 3307 555

63 3336 142 3413 ‘ipse
166 3343 268 3398 autem
291 3339 381 3397 tantis
405 3341 522 3398 concita
545 3336 698 3399 furoribus
722 3355 802 3396 arma

78 3425 191 3503 expetit
215 3424 378 3484 Aesonides
401 3435 431 3486 et
454 3428 564 3486 amieos
588 3425 691 3485 ordine
715 3442 814 3503 reges:
903 3453 908 3459 ·

79 3505 159 3591 ‘quis
181 3510 290 3593 procul
312 3512 361 3573 ille
385 3517 487 3576 uinnn
509 3513 611 3595 nobiS,
634 3531 724 3592 quem
747 3512 862 3572 balteus
886 3528 973 3591 asper
