2362 3938
345 111 639 168 ARGONAUTICON
657 114 768 168 LIBER
785 116 834 170 ΠΙ.
1052 117 1095 182 47

16 272 29 281 “
70 264 208 342 tegmina
232 268 261 321 00
283 263 435 339 ingentem
458 261 579 341 Corythi
602 272 685 323 notat
707 262 839 342 Eurytus
862 265 1005 335 umbram.

71 351 189 413 restitit
211 350 261 411 ille
285 349 378 429 gradu
403 368 529 428 seseque
552 369 568 409 a
591 351 703 412 lumine
723 353 796 413 lerri
854 374 857 380 ·
1044 367 1097 418 100

10 488 28 503 .
73 441 220 502 sustinuit
241 457 399 519 praeceps,
423 438 555 499 subitum
578 458 634 500 ceu
656 449 758 519 pastor
781 442 817 500 ad
841 459 956 502 amnem

14 530 25 541 ”
73 536 266 608 spumantem
289 526 398 588 nimbis
421 527 575 605 fluctuque
599 528 719 589 arbusta
742 537 888 591 ruentem.

10 668 21 703 .-
74 625 105 677 et
128 617 249 696 Tydeus
274 611 469 677 ε0010000010
493 634 582 694 quern
605 613 733 678 uiribus'
756 620 854 697 inquit

75 701 226 785 ‘opperiar
250 704 446 783 manibusque
469 704 533 764 dari
556 724 646 784 quem
670 709 835 767 comminus
859 714 972 789 optem;

75 813 133 873 quo
158 796 280 855 steteris
304 795 431 853 moriere
454 788 542 853 loco.'
588 793 668 855 subit
691 795 740 854 ilia
764 798 864 874 cuspis

76 882 187 963 Olenii3
212 882 293 943 dedit
315 881 364 942 ille
390 900 497 941 sonum
520 901 740 961 conpressaque
764 884 908 944 mandens

76 989 206 1055 aequora
229 989 412 1051 purpuream
436 970 615 1048 singultibus
639 972 752 1050 expulit
774 973 896 1033 hastam.

76 1078 108 1120 ac
132 1059 218 1121 uelut
240 1062 272 1119 in
294 1059 392 1119 medio
416 1077 508 1138 rupes
530 1059 603 1120 latet
625 1059 745 1121 horrida
768 1069 870 1142 ponto,

76 1167 165 1228 quam
189 1167 280 1228 super
303 1149 399 1226 ignari
422 1165 584 1226 numquam
607 1167 713 1208 rexere
736 1152 871 1228 magistri

73 1239 254 1317 praecipites
277 1239 388 1316 inpune
413 1243 505 1317 rates,
529 1239 572 1296 sic
596 1239 711 1315 agmine
736 1257 825 1298 caeco

74 1327 203 1387 incurrit
227 1327 339 1386 strictis
361 1343 467 1385 manus
491 1324 622 1385 ensibus.
669 1325 795 1387 occubat
816 1326 886 1386 lron

74 1423 103 1475 et
127 1413 219 1494 Cotys
243 1420 273 1474 et
294 1413 393 1493 Pyrno
417 1413 522 1473 melior
545 1417 679 1493 genitore
702 1414 819 1476 Bienor.

117 1504 156 1564 tt
179 1504 274 1582 magis
296 1504 411 1563 interea
435 1502 554 1563 diuerso
579 1502 697 1563 turbida
720 1512 803 1562 motu

72 1590 146 1652 urbs
171 1592 277 1670 agitur.
324 1590 439 1670 Genyso
464 1593 593 1651 coniunx
616 1600 769 1652 amouerat
791 1609 885 1672 arma3

72 1689 118 1741 ast
140 1679 185 1740 illi
208 1679 326 1740 subitus
350 1681 449 1741 uentis
472 1682 602 1758 uinoque
626 1680 735 1741 reluxit

70 1779 155 1830 torre
179 1769 278 1849 locus3
301 1767 368 1828 telis
391 1769 514 1849 gaudes
538 1769 718 1850 miserande,
741 1770 877 1848 repertis.

69 1857 182 1937 linquit
205 1865 236 1918 et
258 1857 404 1918 undantes
428 1875 545 1917 mensas
568 1858 737 1936 iniectaque
759 1875 873 1936 pernox

69 1965 159 2007 sacra
181 1945 302 2026 Medon3
326 1945 456 2025 chlamys
479 1945 581 2006 inbelli
605 1948 804 2006 circumuenit
827 1953 909 2005 ostro

65 2044 152 2097 torta
175 2052 297 2094 manum
320 2037 484 2113 strictoque
508 2037 572 2095 uias
594 2034 798 2114 praefulgurat
821 2052 900 2094 ense.

64 2123 138 2186 talis
164 2124 195 2183 in
218 2141 299 2183 arma
321 2125 395 2204 ruit,
419 2142 474 2183 nec
498 2126 567 2183 uina
591 2124 740 2202 dapesque
763 2130 877 2183 remota

63 2220 192 2290 statque
215 2210 281 2271 loco
305 2219 402 2293 torus,
425 2214 577 2271 insomnes
600 2230 737 2271 mansere
760 2212 898 2271 ministri.

62 2300 141 2362 inde
167 2302 235 2379 uagi
258 2318 314 2360 nec
337 2298 413 2360 bella
436 2300 531 2360 modis
555 2319 610 2360 uec
635 2299 753 2360 casibus
778 2299 873 2360 isdem

63 2406 255 2451 conseruere
278 2407 367 2449 manu
392 2395 421 2448 et
443 2388 530 2467 longe
553 2391 671 2449 iacuere
694 2389 850 2468 perempti.

63 2497 143 2540 ecce
169 2494 291 2556 grauem
313 2477 399 2538 nodis
422 2478 585 2557 pinguique
609 2476 753 2538 bitumine
778 2495 921 2556 quassans

61 2565 207 2647 lampada
229 2565 346 2626 turbata
369 2565 512 2645 Phlegyas
536 2566 669 2626 decurrit
691 2564 727 2625 ab
751 2565 840 2645 urbe3

61 2656 118 2718 ille
143 2654 229 2714 leues
253 2654 289 2714 de
312 2672 395 2715 more
419 2673 527 2715 manus·
548 2657 700 2733 aciemque
724 2654 880 2733 Pelasgum

61 2762 124 2826 per
150 2749 271 2803 noctem
293 2761 441 2804 remeasse
465 2751 548 2803 ratus
570 2743 749 2823 pulsumque
773 2745 930 2821 requirens

63 2850 162 2912 saepe
185 2829 243 2891 sibi
266 2849 344 2891 uano
367 2831 538 2911 Thamyrim
562 2833 690 2892 clamore
713 2831 832 2911 petebat

63 2921 184 2982 arduus
208 2928 239 2980 et
260 2919 319 2980 late
338 2920 464 2982 lumanti
487 2919 566 2980 nube
591 2938 747 2998 coruscus3

63 3015 203 3089 quantus
226 3007 277 3068 ubi
300 3010 435 3069 inmenso
458 3011 612 3088 prospexit
634 3007 670 3067 ab
694 3007 812 3067 aethere
837 3005 960 3085 Typhon
1035 3015 1091 3065 130

62 3102 138 3178 igne
163 3096 253 3158 simul
275 3099 436 3175 uentisque
459 3095 583 3176 rubens²
608 3114 696 3175 quem
719 3095 852 3174 luppiter
875 3093 932 3153 alte

63 3188 154 3249 crine
177 3192 275 3266 tenet3
299 3185 449 3265 trepidant
472 3185 536 3245 diro
561 3184 616 3245 sub
639 3184 750 3244 lumine
773 3201 896 3263 puppes,

62 3275 184 3337 tollitur
205 3274 278 3336 hinc
302 3280 445 3353 tentoque
468 3276 529 3334 ruit
552 3272 724 3353 Tirynthius
748 3291 819 3331 arcu

63 3374 192 3446 pectore
215 3371 301 3424 certa
324 3380 431 3441 regens
455 3363 597 3423 aduersae
622 3359 735 3441 spicula
758 3360 891 3421 flammae

60 3474 119 3536 per
141 3456 250 3537 piceos
273 3469 400 3516 accensa
423 3450 539 3533 globos,
562 3457 592 3510 et
614 3459 721 3530 pectus
744 3448 877 3510 harundo
1037 3456 1092 3508 100-
