2362 3938
411 191 529 249 onius
547 192 769 250 ALEXANDRI.
1077 195 1097 259 9

80 354 233 419 visitatus
263 376 329 420 una
358 355 493 440 agebat3
521 377 622 440 neque
655 357 740 422 enim
768 356 871 422 videri
899 377 933 421 se
962 378 1001 421 ex
1029 359 1099 422 arte

80 443 210 529 magica
241 447 455 509 concesserat.
504 443 653 529 Denique
684 450 717 510 εὴ
747 445 894 510 interfuit
925 445 1098 528 aliquando

80 532 308 598 effervescenti
344 532 410 597 iam
442 531 594 619 Philippo
632 537 666 598 et
702 533 872 619 coniugem
908 534 1099 618 increpanti,

81 620 169 706 quod
198 620 254 685 ille
279 626 454 705 conceptus
478 643 543 687 non
571 644 610 687 ex
634 621 692 688 deo
718 622 843 687 mulieri
866 621 959 687 foret.
1007 621 1099 698 Quod

81 731 154 774 cum
199 710 333 775 auribus
369 707 577 776 Nectanabus
619 715 810 795 usurpasset
850 710 1125 794 conviviumques

81 797 211 863 celebre
242 803 275 863 et
304 799 430 884 regium
457 802 627 883 pararetur
658 799 699 864 ob
727 799 945 865 reversionem
977 798 1100 864 scilicet

81 885 228 970 Philippi
252 890 363 952 votum
388 909 425 953 ac
448 887 623 972 redditum,
652 890 798 953 omnium
826 891 897 954 erat
920 888 1022 952 visere
1047 888 1099 952 da·

80 975 201 1061 psilem
225 975 306 1040 satis
330 974 542 1060 diffusamque
565 976 741 1060 lasciviam,
764 999 823 1043 nec
846 979 958 1042 tamen
976 975 1100 1063 Philip-

80 1087 159 1147 pum
175 1063 317 1129 frontem
332 1065 366 1129 in
380 1064 538 1129 laetitiam
556 1065 744 1148 explicasse,
765 1066 852 1150 quod
865 1069 1100 1151 praegnantem

81 1151 316 1236 Olympiadem
336 1152 509 1218 admodum
529 1155 738 1238 suspectaret.
770 1155 861 1241 Ergo
880 1159 917 1219 ut
935 1156 1001 1219 iam
1019 1158 1099 1219 tem·
1114 1177 1140 1218 ro

80 1264 143 1325 pus
168 1241 363 1306 convivandi
393 1245 477 1326 erat,
505 1244 616 1307 statim
646 1264 680 1306 se
707 1243 810 1308 reficit
833 1243 1043 1309 Nectanabus
1068 1248 1100 1308 et

80 1330 243 1395 reformat
264 1330 299 1394 in
320 1329 414 1394 illum
434 1329 582 1396 draconis
602 1329 741 1416 quidem,
765 1332 822 1396 sed
846 1332 1024 1398 auctiorem
1044 1333 1100 1397 ali-

81 1419 279 1502 quantulum
293 1421 434 1483 tractum
455 1440 557 1503 eoque
576 1419 796 1504 reptabundus
811 1421 988 1485 triclinium
1002 1443 1100 1505 pene-

80 1510 163 1590 trat,
192 1511 265 1572 tum
294 1507 483 1592 spectabilis
512 1508 631 1592 specie,
659 1512 728 1573 turn
756 1509 926 1574 maiestate
955 1510 1099 1592 corporis

80 1596 197 1674 totius,
220 1599 290 1658 tum
314 1596 412 1660 etiam
436 1597 584 1661 acumine
608 1596 780 1662 sibilorum
805 1598 884 1662 adeo
904 1597 1043 1662 terribili
1067 1601 1100 1662 et
1115 1619 1140 1661 15

82 1685 205 1766 divine,
222 1687 259 1748 ut
272 1684 485 1749 fundamenta
499 1686 597 1750 etiam
611 1686 816 1770 parietesque
831 1685 993 1751 conclavis
1010 1687 1098 1771 quat'

82 1796 119 1837 ac
140 1773 263 1837 motari
281 1773 475 1838 viderentur.
520 1772 644 1840 Ceteris
664 1775 766 1860 igitur
783 1774 1044 1858 prosultantibus
1063 1796 1101 1840 ac

82 1860 311 1926 delabentibus
338 1866 440 1944 metu,
468 1883 533 1926 una
557 1861 738 1948 Olympias,
766 1871 829 1947 quo
857 1862 954 1926 fidem
978 1861 1101 1941 faceret

82 1951 193 2015 divino
218 1949 428 2030 commercio,
452 1972 585 2015 manum
607 1951 773 2036 protendit
797 1952 837 2015 ad
860 1949 1009 2016 bestiam.
1054 1949 1101 2015 At

81 2060 159 2104 vero
190 2038 304 2124 drac0,
335 2041 372 2104 ut
399 2038 580 2104 lubentiam
608 2040 659 2104 sui
687 2039 854 2123 proderet,
882 2042 915 2104 et
941 2042 1039 2124 caput
1066 2040 1100 2104 in
1114 2062 1140 2102 ao

82 2129 194 2192 sinum
226 2127 371 2191 mulieris
402 2127 548 2192 extendit
577 2132 610 2192 et
641 2150 735 2192 omne
766 2149 884 2214 agmen
912 2127 946 2192 in
978 2128 1099 2212 spiram

82 2216 288 2280 mansuetius
318 2214 443 2300 colligit
471 2219 504 2281 et
533 2216 670 2300 genibus
695 2217 830 2302 sinuque
854 2217 999 2282 mulieris
1022 2216 1100 2282 insi·

81 2305 162 2368 dens
191 2307 379 2386 promptum
412 2325 448 2369 os
478 2305 619 2389 porrigit
655 2308 688 2370 et
717 2328 788 2370 cum
815 2305 940 2372 bisulco
969 2305 1129 2391 linguae.

82 2393 215 2458 vibratu
235 2393 382 2457 osculum
406 2393 514 2457 uxoris
539 2393 689 2478 adfectat,
712 2394 850 2480 nequid
873 2395 1004 2460 omnino
1026 2416 1100 2461 oon·

80 2480 188 2565 iugali
210 2480 285 2544 fidei
305 2481 432 2545 deesset
455 2480 542 2565 apud
564 2503 637 2547 eum
660 2484 825 2567 maritum,
848 2483 900 2548 cui
922 2484 997 2548 talis
1017 2485 1099 2549 visio
1115 2504 1140 2546 aa

80 2569 283 2655 proderetur.
329 2568 392 2634 Hic
414 2568 586 2654 Philippus
610 2593 675 2636 una
698 2576 787 2637 metu
811 2593 938 2656 unaque
963 2572 1101 2637 admira·

80 2660 172 2723 tione
196 2657 342 2722 discedit.
389 2656 451 2722 Sed
480 2660 567 2723 ultra
589 2657 799 2726 Nectanabus
828 2661 1004 2745 inspiciens
1028 2661 1101 2726 dra·

81 2768 197 2812 eonem
224 2747 323 2811 vertit
349 2751 384 2810 in
411 2746 553 2833 aquilam
580 2751 614 2812 et
642 2749 754 2815 volatu
777 2748 910 2814 facessit
939 2772 955 2814 e
985 2749 1100 2814 medic.

80 2836 173 2901 Tunc
202 2856 242 2898 ex
270 2834 485 2900 admiratione
514 2836 640 2901 sobrius
669 2835 855 2921 Philippus:
885 2836 928 2902 ‘0
957 2836 1099 2920 coniux,'

176 3058 286 3114 lenim
305 3077 355 3115 om.
375 3061 408 3116 P.
464 3062 641 3117 iredditum
660 3071 687 3118 Τ.
715 3064 838 3118 reditum
857 3065 890 3120 P.
953 3068 986 3117 10
1005 3056 1099 3130 Oly'm·

80 3134 198 3203 piadem
218 3132 361 3200 (domm.
384 3132 532 3187 mulierem
542 3135 574 3188 P.
622 3140 656 3188 12
676 3136 725 3189 sed
744 3133 898 3188 auctiorem
908 3140 936 3186 Τ.
961 3132 1099 3187 seductio·

80 3222 140 3258 rem
162 3204 197 3256 P.
252 3207 284 3256 13
304 3218 391 3270 eoque
410 3209 437 3258 T.
467 3204 547 3272 eique
566 3205 597 3261 P.
645 3211 679 3259 14
700 3202 863 3274 spectabilis
882 3203 960 3271 Epo.
991 3205 1098 3271 specta·

81 3275 134 3330 bili
153 3274 221 3330 11³.
268 3279 299 3327 19
319 3275 355 3326 ad
373 3274 455 3344 Berp.
485 3291 520 3328 an
542 3275 576 3328 P.
618 3281 650 3331 21
672 3277 701 3330 et
719 3289 800 3329 omne
819 3274 852 3328 P.
881 3274 951 3326 haec
970 3290 1051 3327 omne
1069 3279 1099 3326 τ.

80 3347 189 3472 {diff
196 3350 237 3471 fs
266 3346 541 3471 ⁸1>rrar....t.2.
552 3343 854 3485 elttttbtbltalql?
872 3343 1099 3470 fallatiis
1136 3376 1140 3387 '

79 3489 198 3558 linguae
218 3484 332 3541 vibrato
351 3487 384 3540 P.
443 3491 476 3540 27
496 3485 647 3557 inspiciens
668 3485 701 3540 P.
733 3484 895 3555 inspicienti
910 3502 1020 3556 propos.
1041 3485 1100 3542 Mr.

78 3560 215 3616 insistens
235 3556 367 3613 Balseu.
