2370 3938
398 194 518 252 ORTUS
537 193 759 252 AnuxnuuRL
1039 194 1082 262 39

70 353 170 422 Heroi
195 355 357 440 scandere,
381 359 432 422 cui
454 359 535 423 talia
559 358 681 423 scilicet
699 359 842 444 anguina
861 359 1017 444 obsequio
1037 359 1052 424 f
1071 396 1084 408 ·

69 445 241 510 mulentur.
279 444 370 521 Quod
390 449 499 511 autem
518 442 685 512 oraculum
704 447 774 533 regi
794 447 921 512 somnio
942 448 997 512 da·
1019 451 1146 512 XXXIII

69 534 140 596 tum
170 535 466 618 quinquevcrtioem
495 535 565 600 fora
594 534 708 599 urbem
740 536 893 617 [somnio]
924 558 1082 620 praenun-

68 620 235 706 tiavisset,
265 623 435 688 advertens
466 623 655 708 diligentius
685 624 810 689 invenit
840 625 908 689 eius
938 624 1081 690 universi

68 710 134 774 loci
153 731 222 775 esse
242 711 434 776 eminentias
450 713 597 796 quinque.
627 712 749 789 Quibus
767 711 803 777 in
821 716 926 778 cetero
942 732 1108 797 aequorea

68 799 389 866 extuberascentibus
406 799 502 865 decus
521 801 611 866 urbis
630 805 681 868 est
699 801 877 867 maximum
896 804 1083 868 constructa

68 908 127 951 ara
155 909 253 971 quam
281 889 422 953 maxima
449 888 484 952 in
512 910 549 954 eo
578 889 668 974 colli,
696 890 751 975 qui
779 891 932 956 adversus
955 888 1081 956 Heroos

67 976 176 1040 locum
200 977 318 1041 visitur
341 978 432 1063 erigi.
883 1020 886 1032 .

159 1062 220 1129 30.
252 1064 291 1130 In
324 1087 362 1130 ea
390 1067 492 1151 igitur
522 1087 579 1131 ara
609 1066 667 1132 deo
698 1088 824 1132 summo
854 1088 961 1132 rerum
991 1089 1082 1151 prae·
1100 1075 1147 1129 30.

68 1152 131 1216 sidi
166 1153 424 1235 opulentioribus
457 1155 557 1220 sacris
594 1159 627 1220 et
662 1155 848 1240 religiosius
886 1155 1083 1240 operabatur
1097 1174 1123 1217 ro

68 1263 141 1305 curn
166 1262 261 1325 prece
285 1243 356 1308 tali:
380 1241 550 1328 ‘Quisquis
578 1247 615 1308 tu
638 1243 734 1309 deum
756 1265 813 1308 rex
837 1265 885 1328 es,
913 1245 968 1328 qui
991 1267 1082 1329 prac-

68 1333 155 1393 stare
193 1328 307 1396 diceris
345 1331 421 1396 huic
456 1334 561 1397 terrae
594 1333 811 1416 mundumque
847 1333 947 1398 istum
984 1333 1082 1398 inter-

68 1418 191 1482 minem
223 1420 327 1503 regis,
363 1420 501 1503 recipias
539 1442 660 1504 quaeso
699 1443 825 1488 sacrum
861 1421 924 1488 hoc
960 1421 1083 1487 litanti·

68 1527 129 1588 que
164 1504 247 1570 mihi
279 1507 400 1573 auxilio
432 1507 491 1572 fias
524 1509 620 1574 rebus
653 1510 743 1594 pacis
776 1514 809 1573 et
839 1508 985 1574 bellicis?
1038 1509 1083 1574 Et

67 1595 118 1658 his
150 1595 245 1659 dictis
279 1599 354 1660 exta
384 1596 522 1661 flammis
554 1619 594 1661 ex
626 1619 714 1662 more
746 1597 915 1662 inferebat.
967 1596 1081 1661 Enim·
1096 1618 1123 1662 ro

66 1704 143 1748 vero
169 1689 301 1767 repente
325 1685 482 1750 advolans
507 1686 693 1751 invisitatae
716 1685 949 1770 magnitudinis
973 1685 1083 1769 aquila

68 1775 143 1836 exta
172 1771 302 1854 quidem
332 1794 349 1837 e
381 1775 530 1839 manibus
558 1773 739 1838 Alexandri
767 1774 918 1856 proripit,
948 1776 1082 1839 tranans
1178 1856 1179 1860 Ἰ

66 1881 144 1925 vero
183 1861 294 1925 volatu
332 1883 430 1945 quam
466 1861 736 1946 tranquillissimo
774 1861 859 1926 atris
896 1861 1082 1926 intersitum

66 1948 213 2031 spatium
241 1949 337 2014 alteri
364 1950 491 2016 cuidam
520 1972 595 2015 arae
622 1951 736 2032 procul
764 1951 852 2034 exta,
879 1971 962 2033 quae
990 1971 1081 2033 prae-

65 2037 226 2121 ripuerat,
255 2040 450 2123 superponit.
497 2038 599 2115 Quem
623 2038 761 2121 depositi
784 2038 891 2102 locum
916 2059 990 2102 cum
1014 2039 1081 2122 qui·
1095 2059 1122 2099 ro

67 2126 142 2190 dam
163 2147 180 2190 e
199 2127 456 2210 speculatoribus
477 2128 547 2212 regi
565 2127 757 2210 nuntiasset,
774 2129 950 2209 properato
970 2127 1083 2191 eodem

67 2214 158 2278 venit
178 2215 363 2300 agnitisque
383 2217 474 2299 extis,
496 2237 576 2299 quae
596 2237 687 2280 sacra
707 2214 774 2279 ales
794 2214 976 2300 advexerat,
994 2215 1083 2280 videt

66 2302 227 2386 templum
236 2324 363 2387 quoque
373 2305 441 2369 illic
449 2309 541 2369 vetus
550 2302 786 2389 magnitudinis
795 2303 977 2388 religiosae,
985 2303 1084 2387 quod-

67 2412 130 2474 que
142 2391 215 2456 aevi
222 2392 445 2477 longinquitas
454 2395 639 2477 superasset
647 2412 684 2456 ac
693 2391 853 2476 diruisset,
861 2392 1083 2458 simulacrum·

67 2501 127 2563 que
150 2480 345 2545 intrinsecus
367 2481 480 2546 sedens
503 2503 541 2545 ex
563 2502 600 2545 ea
622 2480 758 2545 materia
778 2480 963 2566 figuratum,
985 2503 1083 2565 quam
1097 2502 1124 2543 aa

67 2566 238 2634 dinoscere
257 2569 397 2634 hominis
417 2569 535 2635 virium
553 2591 618 2634 non
640 2572 698 2634 est.
739 2567 802 2633 Sed
821 2572 954 2654 propter
973 2569 1084 2634 seden-

159 2847 279 2903 1Heroi
297 2850 432 2904 nEbcrb.
456 2849 556 2904 Herois
570 2849 606 2904 A.
644 2855 659 2902 2
680 2848 787 2902 somnio
807 2849 904 2902 datum
923 2854 950 2904 ’1.
975 2848 1082 2902 somnio

67 2919 135 2973 dato
159 2920 196 2974 A.
226 2936 322 2975 somno
346 2921 448 2977 Eteri.
571 2925 586 2972 3
611 2920 727 2975 alarum
750 2917 858 2973 somnio
881 2919 974 2973 deleri.
1003 2934 1083 2986 praa-

65 2988 256 3045 nuntiavisset
274 2997 301 3043 ’1,
326 2990 566 3060 pronuntiavisset
584 2990 620 3045 A.
676 2996 691 3043 7
712 2988 845 3043 adversus
864 2995 891 3040 ’1.
916 2987 1029 3042 adversi
1046 2990 1083 3042 A.

65 3061 176 3116 Heroos
196 3061 233 3117 A.
261 3061 342 3116 heros
361 3068 388 3116 r.
416 3062 503 3117 Heroi
522 3062 581 3116 Mr.

157 3131 206 3187 30.
227 3138 258 3185 11
280 3149 344 3186 oum
363 3133 400 3187 A.
424 3132 472 3202 qui
491 3149 553 3187 oum
574 3136 623 3186 aut
642 3144 696 3197 qus
715 3145 778 3182 oum
796 3133 824 3182 ’1.
894 3133 926 3180 12
946 3127 1031 3207 istum
1046 3129 1083 3184 A.

65 3201 161 3272 ipsum
180 3209 207 3258 Τ.
245 3202 425 3259 interminem
444 3210 471 3259 Τ.
495 3201 645 3257 intermine
663 3197 699 3253 A.
785 3202 817 3250 16
838 3197 903 3251 exta
920 3203 948 3249 ’1.
971 3198 1070 3250 rstaA

68 3279 101 3327 16
120 3275 238 3342 repente
258 3291 308 3330 om.
327 3276 363 3330 A.
400 3273 536 3329 advolans
555 3280 583 3326 ’1.
606 3269 734 3324 involans
753 3270 789 3324 A.
899 3274 931 3322 17
951 3285 966 3321 a
984 3283 1036 3322 om.

65 3345 188 3414 proripit
216 3351 243 3401 2.
285 3345 422 3416 praeripit
448 3345 486 3400 A.
555 3347 669 3398 tranans
698 3356 764 3394 vero
792 3345 819 3393 2.
852 3341 1012 3421 ,manaverat

68 3420 100 3469 19
120 3416 247 3485 spatium
265 3419 294 3470 et
312 3417 395 3473 alteri
409 3418 445 3472 A.
470 3414 592 3485 spatium
612 3412 651 3467 ali
670 3417 697 3466 X.
748 3416 782 3464 22
802 3412 874 3465 extra
894 3423 988 3477 quas¹

65 3491 100 3540 23
120 3503 232 3557 quoque
256 3504 305 3543 om.
323 3491 360 3544 A.
453 3492 489 3541 24
508 3501 541 3541 ac
565 3483 696 3538 diruisset
718 3497 769 3538 om.
789 3488 816 3536 ’1.
907 3483 942 3535 26

64 3556 168 3614 Ebura.
197 3557 305 3612 homini
321 3561 390 3614 uA.
