2362 3938
474 171 688 260 PRAcFATIO.
997 174 1090 228 XXIII

71 333 269 417 Alexandri,
293 334 368 398 illos
390 335 424 398 in
449 334 555 399 fronte
579 335 719 418 mutilos
743 335 803 400 hoc
827 336 861 399 in
883 337 955 400 finc.
1003 334 1089 399 Olim

71 423 353 505 complectebatur
369 424 442 505 plus
460 423 607 487 undecim
623 425 860 508 quaternioneS‚
879 446 1015 507 quornm
1035 425 1090 507 qui

72 512 191 594 reliqui
216 515 294 574 sunt
317 532 434 575 novem
449 547 491 557 —
506 534 582 574 nam
605 512 772 594 perierunt
794 513 918 595 primus
944 517 976 576 εὴ
999 515 1089 594 quin·

72 606 126 663 tus
159 603 193 663 et
224 621 307 683 quae
337 600 542 663 undecimum
573 601 778 683 excipiebant
807 600 885 664 folia
918 601 1089 679 admodum

72 709 179 770 pauca
203 724 246 734 -
270 689 393 751 iustum
418 692 608 752 octonorum
632 688 784 752 foliorum
806 709 975 752 numerum
1004 710 1089 752 com·

72 777 180 860 plant,
208 776 274 839 imo
300 777 447 861 margine
472 798 529 840 suo
554 779 688 860 quisque
711 797 844 840 numero
869 777 1003 860 signati,
1026 776 1090 839 nisi

74 865 160 949 quod
191 868 328 947 quartus
357 886 422 928 non
450 869 523 928 octo
552 869 602 928 est
631 865 684 928 sed
712 887 828 928 novem
855 865 1023 946 foliorum,
1051 864 1089 927 de

73 953 237 1017 industria
261 975 281 1016 a
304 952 437 1017 librario
456 953 491 1016 in
510 975 582 1016 eam
601 973 792 1035 compagem
812 956 936 1038 auctus,
958 957 996 1016 ut
1013 952 1091 1016 Iulii

75 1041 203 1104 Valerii
233 1041 316 1104 liber
343 1041 465 1122 primus
493 1042 564 1124 ipso
595 1042 817 1124 quaternionis
847 1042 951 1105 limite
979 1041 1090 1104 termi-

74 1134 219 1212 naretur,
244 1134 276 1193 ct
300 1129 440 1193 decimus
461 1135 584 1212 septem
603 1130 827 1193 tantummodo
846 1129 933 1194 foliis
953 1134 1091 1213 constat,

75 1222 194 1282 octavo
225 1216 306 1282 tolio
337 1219 378 1281 ab
409 1218 479 1300 ipso
513 1218 621 1281 scriba
652 1222 785 1282 resecto,
838 1216 946 1301 Atque
978 1218 1092 1300 incipit

75 1306 179 1370 lulius
203 1304 355 1370 Valerius
386 1328 404 1368 a
432 1305 530 1389 primi
558 1305 634 1369 libri
656 1307 764 1371 verbis
793 1308 836 1370 ad
856 1312 958 1371 votum
976 1307 1090 1387 procli-

76 1398 158 1459 vitas
181 1395 247 1475 fiat.
293 1395 399 1475 Neque
423 1395 505 1458 enim
527 1395 664 1476 improbo
688 1399 721 1457 et
744 1417 772 1477 q.
798 1417 821 1458 s.
846 1392 891 1480 (p.
911 1393 1035 1478 20,24)
1060 1402 1092 1456 et

76 1484 289 1548 continuatur
312 1483 351 1545 ad
375 1504 475 1565 usque
499 1483 618 1546 codicis
641 1485 795 1566 paginam
818 1482 933 1564 CVIII,
957 1487 993 1545 ut
1016 1503 1089 1564 qua-

75 1572 245 1635 ternIones
277 1571 512 1653 complectatur
539 1570 717 1652 II—lIlI,
746 1570 961 1648 Vl—VIIII,
991 1570 1046 1633 fol.
1071 1570 1091 1632 5

79 1661 172 1740 med,
191 1659 248 1722 ubi
266 1659 364 1721 finem
382 1659 506 1723 faciunt
520 1660 619 1723 verba
633 1660 834 1723 alexandriae
847 1659 1092 1722 sacratissc'mum

75 1749 198 1812 tabent
236 1745 439 1811 EXPLICIT
459 1745 617 1812 OBITVS
634 1745 891 1811 ALEXANDRI
906 1780 912 1792 ·
928 1743 1091 1808 INCIPIT

77 1834 381 1899 ITINERARIVM
405 1833 610 1899 EIVSDEM.
657 1835 809 1918 Sequitur
834 1835 934 1917 igitur
957 1832 1093 1897 Itinera·

76 1927 162 1988 rium
189 1921 261 1987 etc?
298 1923 489 1987 Addendum
513 1927 563 1986 cst
581 1927 708 2007 partem
728 1924 865 1987 alteram
885 1921 1013 2004 codicis,
1038 1922 1092 2004 qui

76 2013 230 2078 continet
255 2011 348 2087 Quat.
362 2010 513 2076 VI—XI
539 2013 579 2077 ab
603 2012 667 2076 alio
691 2011 825 2075 librario
850 2031 887 2074 ac
911 2010 1014 2073 multo
1037 2030 1093 2072 ne-

79 2100 265 2185 glegentius
280 2101 432 2182 scriptam
451 2121 529 2182 esse,
548 2122 645 2184 quam
660 2103 786 2182 partem
801 2100 951 2182 priorem.
985 2096 1094 2162 Codex

79 2190 204 2274 partim
233 2189 274 2252 ab
302 2189 374 2272 ipso
402 2188 537 2252 librario
565 2190 650 2252 inter
677 2189 894 2271 scribendum,
923 2187 1042 2270 partim
1075 2209 1093 2249 a

80 2281 265 2341 correctore
285 2277 422 2361 quodam
442 2277 554 2341 codem
574 2278 701 2340 sacculo
720 2277 867 2359 plurimis
887 2275 966 2340 locis
986 2297 1094 2338 eruen-

81 2368 181 2430 datus
196 2368 256 2429 est.
290 2363 402 2447 Neque
417 2365 543 2429 videtur
558 2368 721 2429 corrector
735 2365 910 2448 exemplari
924 2363 964 2427 ad
979 2363 1095 2427 menda

79 2453 226 2519 tollenda
244 2475 322 2517 usus
346 2475 428 2536 esse3
451 2476 524 2517 nam
551 2453 616 2517 fere
640 2474 767 2535 semper
790 2475 836 2534 ea,
860 2474 941 2536 quac
965 2474 1023 2536 per
1046 2473 1094 2515 er-

80 2565 191 2607 rorem
219 2545 276 2605 aut
299 2542 455 2605 incuriam
480 2542 605 2606 librarii
627 2542 745 2605 vitiose
769 2542 890 2624 scripta
913 2543 1019 2623 erant,
1047 2541 1095 2602 ita

81 2631 233 2713 mutavit,
256 2633 293 2693 ut
314 2630 409 2712 longe
434 2630 664 2713 descriptoris
689 2630 796 2693 verbis
821 2629 1006 2693 discederet.

172 2716 208 2805 3)
230 2716 349 2782 Codex
370 2717 557 2782 Parisinus
575 2718 646 2783 Lat.
661 2717 718 2782 Nr.
728 2719 817 2783 4880
833 2714 908 2802 (P),
933 2720 1029 2780 antea
1047 2715 1094 2778 bi-

81 2807 266 2872 bliothecae
299 2805 518 2888 Colbertinae,
550 2807 831 2886 membranaceus,
862 2805 933 2888 ar,
969 2804 1096 2868 saeculo

81 2895 164 2961 XIII
194 2895 320 2959 duabus
349 2895 506 2958 columnis
535 2895 691 2958 linearum
717 2895 860 2959 55-57
886 2899 1048 2972 exaratus,
1077 2913 1095 2952 a

82 3007 132 3048 mc
159 2987 286 3049 aestate
315 2983 392 3047 anni
418 2983 502 3048 1887
527 2983 673 3046 collatus
720 2980 874 3046 Continet
896 2980 951 3043 fol.
969 2978 1097 3042 1--48ν

83 3073 250 3154 Orosium3
269 3072 304 3135 in
324 3071 403 3136 folio
422 3068 481 3136 48b
495 3071 610 3152 incipit
622 3070 771 3134 Iordanis
787 3068 933 3131 historia.
961 3066 1094 3139 Quater-

82 3163 199 3228 mones
214 3159 281 3224 VII
304 3163 338 3223 et
353 3157 435 3224 VIII
454 3160 656 3223 continentes
676 3159 730 3222 fol.
746 3156 886 3233 49-64,
911 3155 966 3235 qui
987 3153 1096 3214 nescio

81 3273 144 3335 quo
173 3272 252 3315 casu
277 3271 297 3312 a
324 3248 409 3311 libro
442 3247 583 3329 separati
616 3250 704 3328 sunt,
733 3243 925 3307 Letronnius
953 3241 1096 3322 repperit

81 3340 115 3403 in
141 3339 254 3405 codice
278 3335 417 3401 Parisin.
439 3335 510 3399 Lat.
534 3332 635 3416 5873,
667 3333 723 3397 ubi
747 3332 929 3393 etiamnunc
958 3331 1097 3391 exstant.

82 3426 207 3494 Desunt
235 3431 350 3491 tamen
379 3422 603 3508 quaternionis
631 3420 737 3485 octavi
761 3418 841 3482 folia
868 3416 946 3499 tria,
975 3415 1099 3479 scilicet

82 3517 157 3584 folia
181 3519 241 3596 61,
262 3516 322 3593 62,
343 3514 400 3591 63,
430 3533 511 3596 quae
539 3508 750 3576 continebant
773 3505 919 3571 Iordanis
941 3504 1040 3570 finem
1065 3507 1099 3570 et
