2362 3938
410 180 540 235 OBITUS
559 180 782 236 ALEXANDRI.
903 203 907 210 ·
1036 182 1099 246 127

87 342 235 407 Persicae
266 343 416 427 regiones
435 344 559 407 'multis
590 344 763 409 admodum
793 347 826 408 et
854 344 1100 410 vehementibus

86 431 234 496 infestari
258 431 461 514 serpentibus
485 431 675 497 dicerentur.

178 518 235 585 18.
260 518 361 603 quue
380 520 443 584 iter
462 521 659 585 continuatis
679 520 791 585 diebus
809 519 910 584 ferme
930 520 1097 586 duodecim
1114 531 1144 583 22

87 608 328 674 exanclavimus
364 611 460 692 atque
488 609 535 672 ita
565 608 694 673 demum
728 609 767 672 ad
801 608 955 692 oppidum
983 609 1100 674 adven·

84 703 193 762 tamus
219 696 319 760 situm
346 697 380 759 in
404 697 511 761 insula
534 696 711 761 circumflui
734 697 890 780 fluminis3
917 696 1028 780 ibique
1052 698 1132 762 vio

85 787 167 851 situr
191 787 334 849 castrum
359 785 522 849 consitum
540 785 682 869 undique
706 785 928 869 arundinibus,
951 807 1034 869 quae
1058 786 1099 850 ad

83 874 225 958 triginta
249 873 433 938 cubitorum
457 873 563 956 spatia
586 877 871 957 supercrescerent.
909 871 1098 938 Crassitudo

83 984 160 1027 vero
181 983 292 1026 earum
312 983 410 1043 supra
429 983 510 1044 eam,
534 966 656 1045 quanta
680 965 730 1026 est
746 962 888 1026 hominis
909 962 1098 1028 crassitudo

82 1050 227 1135 Navigia
251 1070 377 1132 quoque
401 1049 541 1132 plurima
565 1051 652 1114 amni
675 1049 818 1132 inerant,
842 1071 923 1134 quae
947 1071 1022 1115 mox
1046 1073 1098 1116 cu·

82 1140 201 1204 riosius
233 1137 434 1202 intuentibus
464 1141 574 1220 partes
605 1139 763 1222 quaedam
789 1138 942 1203 fissorum
970 1138 1140 1203 arandi-10

82 1249 160 1291 num
194 1226 419 1291 noscebantur.
469 1225 569 1290 Enim
601 1227 697 1292 huius
734 1227 878 1291 fluminis
915 1227 1022 1311 liquor
1057 1227 1098 1292 ad

83 1319 198 1398 potum
223 1314 364 1378 hominis
393 1314 546 1378 adversus
575 1316 791 1380 amaritudine
818 1316 920 1380 nimia
947 1319 998 1380 est
1025 1337 1098 1381 cum

83 1404 242 1467 salsitate.
289 1402 525 1478 Quaerentibus
553 1403 670 1486 igitur,
704 1426 801 1488 quarn
828 1407 1031 1487 poteramus,
1059 1426 1098 1469 ex

83 1491 205 1556 adcolis
229 1512 324 1554 usum
344 1491 494 1556 elementi
510 1493 681 1556 memorati
701 1492 788 1557 aliud
807 1495 950 1555 castrum
973 1492 1097 1556 eminus

82 1581 322 1644 demonstratur
340 1579 380 1642 eb
400 1579 514 1643 stadiis
534 1580 635 1644 ferme
653 1583 808 1663 quattuor
826 1579 968 1643 indidem
983 1579 1095 1662 situm,
1112 1597 1138 1638 15

83 1668 125 1731 ad
148 1668 233 1752 quod
262 1689 335 1732 cum
364 1667 516 1732 audacius
545 1667 676 1752 quidam
701 1667 899 1751 exploraturi
927 1688 1097 1751 properas·

83 1759 167 1838 sent,
189 1755 310 1819 flumen
334 1755 462 1838 quidem
482 1756 624 1820 adfluum
644 1756 768 1840 vident,
796 1755 852 1819 sed
876 1755 992 1819 emersi
1016 1754 1096 1818 indi-

82 1844 155 1908 dem
188 1844 414 1927 hippopotami
457 1844 681 1928 magnitudine
718 1844 844 1908 nesoias
887 1864 928 1906 an
960 1843 1097 1908 saevitia

80 1932 291 1996 immaniores
318 1935 463 2014 nostros,
491 1934 546 2015 qui
575 1932 777 2015 exploratum
802 1931 964 2014 abierant,
992 1930 1097 1995 incur-

81 2042 205 2085 savere.
261 2019 309 2084 Ao
342 2042 453 2084 rursus
491 2021 532 2084 ad
569 2021 666 2085 aliam
698 2024 825 2104 partem
858 2019 969 2083 eadem
1001 2017 1095 2083 nobis
1109 2038 1138 2078 so

81 2109 270 2174 curiositate
304 2108 498 2173 rimantibus
544 2129 660 2194 agmen
704 2108 878 2173 earundem
917 2107 1096 2172 bestiarum

80 2198 179 2281 longe
216 2197 420 2261 numerosius
458 2197 658 2263 occursabat.
713 2196 818 2272 Quare
857 2196 946 2262 omni
979 2216 1096 2280 genere
1114 2205 1144 2257 3(

80 2285 236 2369 fugienda
259 2285 331 2349 loca
355 2284 605 2368 evitandumque
629 2280 807 2370 periculum
825 2284 1096 2370 vidensclassioo

82 2375 214 2457 signum
247 2373 387 2438 abitioni
419 2374 599 2458 praecipio,
637 2375 792 2457 quamvis.
816 2377 910 2438 tanta
941 2373 990 2437 vis
1025 2373 1096 2437 sitis

81 2463 216 2545 eiusque
235 2461 384 2525 desiderii
399 2461 548 2526 homines
568 2463 762 2546 incessisset,
780 2466 818 2527 ut
830 2463 976 2546 plerique
996 2462 1096 2526 etiam
1110 2481 1136 2523 ss

80 2573 100 2614 a
123 2553 207 2632 potu
230 2550 342 2614 urinae
371 2550 413 2614 ob
437 2550 642 2614 necessitatis
665 2551 903 2615 vehementiam
926 2571 992 2615 non
1016 2553 1096 2614 tem-

78 2643 242 2722 perarent.
297 2637 402 2722 Igitur
433 2637 517 2702 forte
549 2637 681 2703 fortuna
713 2660 786 2703 cum
824 2640 910 2706 exim
943 2641 1096 2722 stagnum

80 2725 245 2811 quoddam
272 2725 396 2808 dapsile
429 2727 683 2809 repperissemus
718 2728 880 2812 potitique
913 2726 1095 2792 desiderato

80 2836 118 2880 ac
142 2814 294 2898 persuavi
317 2817 397 2897 potu
415 2835 474 2895 per
496 2819 591 2898 prata
609 2816 750 2880 virentia
770 2819 994 2896 sterneremus,
1018 2814 1096 2878 emi-

78 2925 142 2968 nus
167 2903 261 2967 video
289 2903 325 2966 in
353 2903 492 2986 quadem
518 2903 696 2968 adiacentis
719 2905 836 2969 tumuli
860 2902 1033 2968 eminentia
1055 2901 1094 2965 ti·
1109 2921 1136 2960 eo

170 3110 218 3165 18.
239 3118 254 3166 5
273 3111 394 3166 insulam
412 3113 448 3167 A.
487 3111 676 3180 datriginta
694 3111 731 3165 A.
769 3114 838 3163 8su
857 3127 889 3164 ra
906 3111 942 3164 A.
962 3125 1044 3177 super
1062 3107 1095 3164 P.
1139 3154 1144 3175 ,

81 3188 114 3236 12
133 3182 223 3235 nimia
242 3184 285 3236 est
305 3182 338 3236 P.
362 3182 450 3236 nimia
469 3182 505 3236 A.
544 3187 576 3235 13
596 3197 680 3248 quem
698 3181 813 3249 Aqua
861 3221 867 3235 .
906 3185 939 3234 15
958 3179 1093 3233 situmA

79 3253 221 3307 consitum
239 3253 272 3307 P.
312 3257 345 3306 18
363 3251 504 3323 inpotami
522 3254 557 3305 A.
583 3252 731 3321 hypotami
746 3251 780 3307 P.
800 3267 870 3307 corr.
885 3250 956 3304 Mai.
986 3251 1095 3320 magni-

78 3322 173 3377 tudini
192 3324 227 3377 A.
277 3329 309 3377 19
328 3323 498 3378 inmaniores
510 3323 543 3376 P.
562 3321 592 3375 in
606 3321 726 3377 maiores
735 3323 771 3378 A.
815 3326 849 3376 22
869 3320 1094 3377 occursabantP.

78 3400 113 3448 23
132 3395 197 3448 loca
219 3393 253 3448 P.
280 3394 342 3447 loco
361 3394 397 3449 A.
448 3399 481 3448 29
500 3408 551 3461 per
568 3396 651 3463 prata
670 3393 741 3448 Mai.
765 3394 848 3462 prata
865 3392 940 3447 A.P.
991 3396 1026 3445 30
1045 3389 1096 3445 ad-

79 3464 198 3520 iacentis
217 3464 320 3518 tumuli
339 3463 491 3519 eminentia
510 3466 617 3533 scripsi.
646 3462 801 3518 adiacentis
819 3462 959 3518 tuinentia
977 3462 1013 3517 A.
1046 3461 1097 3517 ad·

78 3535 198 3590 iacentis
217 3535 346 3589 uirentia
363 3534 396 3588 P.
429 3534 570 3590 adiacenti
589 3534 741 3589 eminentia
760 3534 898 3590 Mai.Mr.

609 3801 616 3836 l
