2362 3938
99 169 164 235 178
257 169 471 226 isunnam
490 171 567 227 CUM
586 171 745 227 DINDIMO
765 171 952 229 COLLATIO.

95 331 250 397 discimus
276 355 381 418 neque
409 334 580 400 facundiae
608 335 775 400 rhetorum
803 337 1036 421 oratorumque
1061 338 1115 402 da-

95 441 167 485 mus
192 441 335 507 operam,
358 424 448 488 cuius
473 423 618 489 officium
641 427 692 488 est
709 423 887 508 phaleratis
908 427 1114 491 sermonibus
1178 445 1180 447 ’

94 509 291 594 figmentare
315 512 484 576 mendacia
502 515 535 577 et
553 513 759 578 innocentiae
777 512 873 577 fidem
892 513 1041 580 conferre
1061 516 1117 578 cri·

95 597 240 664 minibus
268 621 305 665 ac
332 600 499 683 parricidii
528 623 600 666 reos
632 601 798 685 assignare
825 600 1004 687 piissimos,
1057 601 1117 678 Qui

69 686 176 753 adum
205 691 324 774 putant
354 710 388 753 sc
419 689 543 753 alienae
574 688 679 753 landis
709 693 851 754 fructum
880 711 939 773 per
969 692 1116 776 iniquam

96 776 265 843 victoriam
285 777 441 861 rapuisse,
463 777 612 842 nesciunt
632 799 666 842 se
685 778 924 843 munimentum
944 801 1022 844 suae
1043 802 1115 845 con·

96 866 251 932 scientiae
265 865 454 951 perdidisse.
488 863 632 948 Simplex
647 867 733 950 apud
751 889 812 932 nos
827 868 1017 951 eloquentia
1033 891 1115 934 com·

97 955 267 1040 manisque
281 976 354 1019 cum
369 954 528 1039 omnibus,
548 955 654 1018 solum
668 955 872 1038 praecipiens
891 977 958 1021 non
976 959 1116 1024 mentiri.

95 1042 369 1129 Philosophorum
393 1043 523 1108 scholas
547 1043 679 1107 minime
699 1043 953 1129 frequentamus,
978 1067 1116 1129 quorum

58 1155 84 1196 ιο
98 1132 246 1198 doctrina
275 1132 450 1215 discordia,
477 1130 559 1195 nihil
588 1132 707 1196 stabile
735 1136 922 1216 certumque
949 1134 1116 1215 definiens,

94 1241 221 1305 semper
244 1221 454 1305 sequentibus
473 1220 595 1304 placita
612 1221 724 1303 priora
743 1220 1015 1306 rescindentibus,
1039 1245 1115 1308 quo-

93 1330 166 1374 rum
190 1332 256 1375 una
278 1331 356 1393 pars
379 1311 502 1374 bonum
525 1308 768 1393 inhonestate,
797 1310 862 1373 alia
885 1311 920 1373 in
944 1312 1116 1395 voluptate

94 1399 277 1480 constituit,
300 1403 333 1464 et
352 1398 438 1482 quod
457 1401 616 1481 asserunt,
639 1398 723 1461 unde
742 1397 807 1481 ipsi
826 1399 907 1463 scire
926 1404 1114 1485 potuerunt,

95 1487 318 1554 demonstrare
341 1508 406 1552 non
425 1489 571 1569 possunt,
596 1484 651 1551 sed
670 1486 790 1550 audent
814 1487 1025 1570 opinionibus
1050 1510 1114 1554 am-

27 1608 30 1615 *
54 1601 81 1642 rs
95 1577 204 1663 biguis
226 1599 292 1642 non
315 1578 482 1658 comperta
504 1576 642 1640 firmare.
682 1574 806 1641 Nostra
828 1576 1039 1660 philosophia
1064 1601 1116 1642 ex‘

93 1667 205 1750 pedita
228 1669 292 1748 est,
319 1686 401 1748 quae
431 1664 543 1728 iuvare
571 1685 637 1728 non
661 1664 727 1728 nisi
755 1665 841 1728 iuste
864 1667 971 1744 novit,
1000 1688 1115 1731 nocere

93 1775 153 1819 nec
176 1754 313 1836 iniuste,
339 1773 399 1816 nec
428 1753 501 1817 aliis
530 1752 734 1818 inferendum
758 1760 881 1837 censet,
910 1755 995 1838 quod
1020 1756 1115 1820 nobis

94 1863 274 1907 maerorem
294 1846 438 1927 generat,
458 1862 532 1905 cnm
551 1841 698 1906 infertur.
735 1839 776 1905 In
791 1841 948 1907 honorem
969 1843 1114 1908 divinum

93 1930 233 2017 pecudes
255 1931 413 1995 innocuas
437 1950 504 1994 non
527 1933 707 1995 mactamus
730 1952 790 1996 nec
814 1931 949 1994 delubra
972 1933 1115 1997 metallis

53 2040 81 2086 rc
96 2019 260 2105 argenteis
297 2019 480 2083 incrustata
512 2018 686 2096 fundamus
723 2041 783 2082 nec
816 2020 934 2083 altaria
967 2042 1047 2085 auro
1084 2024 1116 2084 et

94 2108 231 2192 gemmis
255 2106 463 2194 splendentia
487 2106 681 2173 dedicamus.
727 2107 815 2182 Quae
845 2109 873 2171 si
901 2113 938 2171 ut
965 2131 1033 2171 non
1059 2110 1116 2173 ha·

93 2195 185 2261 benti
214 2195 273 2260 deo
302 2195 470 2281 largiaris,
499 2196 697 2279 superiorem
720 2201 753 2258 te
777 2196 907 2277 asseris,
936 2195 965 2257 si
993 2200 1030 2257 ut
1057 2197 1114 2260 ha-

93 2285 200 2368 benti,
222 2305 349 2369 parem,
379 2283 466 2367 quod
490 2286 650 2350 utrumvis
674 2283 802 2366 feceris,
831 2281 1026 2346 contumelia
1055 2287 1113 2346 est.

94 2370 180 2438 Nam
204 2373 352 2458 quisquis
376 2372 531 2438 caelestia
553 2371 665 2456 pretiis
689 2371 820 2454 invitat,
849 2368 990 2435 offendit.
1036 2368 1114 2435 Non

53 2483 80 2526 ss
94 2462 233 2547 suscipit
256 2462 336 2527 deus
360 2482 454 2526 sacra
476 2461 663 2545 sanguinea,
686 2459 808 2523 cultum
833 2457 942 2542 diligit
965 2459 1113 2523 incruen-

92 2553 174 2636 tum,
197 2550 324 2634 spernit
343 2548 475 2615 funesta
492 2548 661 2634 libamina,
682 2546 779 2612 verbo
798 2546 994 2630 propitiatur
1019 2570 1113 2613 oran·

92 2637 196 2704 tibus:
228 2637 313 2723 quod
344 2639 451 2704 solum
482 2637 512 2702 ei
542 2636 770 2702 commercium
798 2657 870 2700 cum
899 2637 1032 2701 homine
1066 2643 1116 2703 est

184 2828 361 2885 ifalleratis
378 2829 413 2883 L.
450 2827 609 2883 balienam
629 2829 742 2882 landem
764 2829 798 2883 P.
825 2829 954 2884 drnotum
975 2830 1047 2884 VR.
1074 2829 1114 2884 fa·

93 2903 171 2958 ctum
190 2899 226 2955 B.
251 2916 302 2957 om.
322 2900 399 2955 LP.
442 2905 506 2954 ose
525 2899 601 2954 Ρ.Β.
627 2915 678 2955 om.
700 2906 748 2955 cet.
792 2900 974 2970 tloquentia
992 2901 1028 2955 R.
1058 2901 1114 2955 elo-

95 2972 212 3042 quentia
230 2974 273 3027 est
291 2971 366 3026 Ρ.Β.
445 2975 545 3025 scum
564 2986 614 3025 om.
634 2971 670 3025 Β.
705 2973 795 3026 solum
814 2972 991 3042 praecipiens
1009 2989 1060 3028 om.
1078 2971 1114 3025 B.

96 3049 131 3098 10
150 3042 291 3099 ffiscordia
311 3043 388 3097 Ρ.Β.
418 3040 587 3096 discordiam
607 3041 640 3094 L.
671 3041 777 3098 discors
795 3044 830 3098 R.
859 3060 910 3098 orn.
931 3042 963 3096 V.
1020 3049 1051 3096 11
1072 3058 1112 3095 re-

95 3113 287 3170 scindentibus
299 3112 334 3167 B.
355 3111 549 3167 scindentibus
563 3117 609 3168 cet.
662 3115 696 3166 13
715 3114 908 3182 potuerantL.
928 3112 1114 3182 potuerintR.

96 3191 130 3241 lb
150 3184 282 3257 expedita
296 3183 332 3240 R.
351 3182 447 3238 exdita
460 3183 488 3236 L
515 3183 592 3237 edita
600 3182 636 3236 B.
657 3197 691 3235 ex
706 3184 812 3239 deitate
824 3185 858 3238 P.
877 3200 920 3237 om
933 3183 964 3237 V.
1021 3187 1054 3236 17
1075 3184 1116 3236 in-

94 3255 242 3312 ferendum
256 3253 390 3311 censetV.
414 3253 518 3308 inferre
533 3254 599 3308 dum
615 3255 710 3308 censet
720 3254 754 3308 It.
781 3253 884 3309 inferre
898 3254 964 3307 dum
980 3255 1070 3306 cesset
1078 3252 1113 3305 L.

94 3325 199 3383 inferre
214 3327 295 3383 dulce
310 3327 354 3382 cst
369 3325 406 3378 B.
434 3325 537 3380 inferre
557 3325 633 3393 quod
651 3324 735 3379 nocet
753 3326 782 3378 et
803 3325 837 3378 P.
894 3327 926 3377 18
945 3322 1112 3392 maerorem]

93 3413 248 3454 memorem
268 3397 341 3453 LP.
385 3401 420 3450 10
438 3397 501 3466 nec]
521 3411 556 3450 ne
570 3396 604 3452 L.
649 3401 683 3449 11
704 3395 727 3448 si
745 3395 826 3450 utR.
852 3394 926 3448 sicut
939 3395 973 3448 L.
982 3394 1015 3447 P.
1039 3394 1064 3447 si
1077 3393 1113 3446 B.

93 3468 126 3522 isc
145 3469 177 3524 V.
193 3470 287 3524 omnio
300 3468 421 3523 turbata.
459 3473 493 3521 13
512 3466 663 3538 utrumvis]
679 3466 723 3522 vis
737 3482 843 3522 masam
853 3464 887 3520 L.
926 3470 960 3519 16
980 3464 1066 3519 verba
1080 3463 1113 3518 L.

93 3539 130 3593 ab
149 3539 295 3593 orantibus
314 3538 350 3594 R.
424 3542 458 3591 17
479 3537 676 3594 commercium
695 3537 731 3592 R.
759 3542 876 3593 oraret.
