2376 3938
107 183 172 249 206
228 183 406 239 EPISTOLA
424 181 638 239 ALEXANDRI
654 182 705 238 AD
722 182 989 239 ARISTOTELEM.

107 369 124 412 e
145 346 235 411 silvis
255 345 500 431 elephantorum
517 346 694 410 immensos
709 366 825 431 greges
845 345 885 410 ad
904 347 1125 430 expugnanda

107 439 224 500 castra.
262 433 424 518 Imperavi
447 455 507 518 ego
532 434 732 498 Thessalicis
756 434 929 518 equitibus,
951 438 989 498 ut
1013 457 1125 501 ascen·

107 523 219 588 darent
247 544 346 607 equos
370 543 543 606 secumque
565 522 717 587 tollerent
745 544 833 607 sues,
861 545 999 607 quorum
1023 545 1123 608 grun-

105 613 192 677 nitus
206 613 319 677 timere
329 611 453 676 bestias
467 632 631 694 noveram,
646 613 678 675 et
693 632 859 676 occurrere
870 632 966 694 quam
981 612 1125 696 primum

73 721 86 762 ι
108 700 289 784 elephantis
308 700 399 764 iussi.
435 697 561 764 Deinde
584 700 667 764 alios
690 722 763 765 cum
785 700 890 764 hastis
914 704 1124 786 armatosque

107 790 198 873 sequi
222 789 347 874 equites
366 792 400 852 et
417 788 578 852 tubicines
598 809 710 852 omnes
734 789 769 852 in
788 788 895 873 prima
918 788 1030 854 adesse
1056 790 1124 855 acie

107 883 140 942 et
159 879 250 962 equis
269 877 448 942 insidentes
463 877 667 959 praecedere3
685 876 811 959 pedites
831 898 943 941 omnes
957 900 1125 942 remanere

106 967 141 1030 in
164 966 280 1030 castris
300 965 389 1030 iussi.
426 963 503 1049 Ipse
522 986 595 1029 cum
613 963 699 1030 Poro
718 986 795 1051 rege
814 967 847 1029 et
867 967 1012 1050 equitatu
1031 989 1125 1051 prae-

107 1054 222 1119 cedens
253 1053 319 1119 vidi
352 1056 501 1118 examina
531 1053 710 1118 bestiarum
744 1054 860 1119 erectis
892 1055 927 1117 in
960 1077 1021 1119 nos
1050 1078 1124 1140 pro·

67 1164 93 1204 ιο
107 1141 306 1207 muscidibus
325 1141 501 1205 tendentia.
539 1141 682 1217 Quorum
707 1145 801 1226 terga
824 1147 857 1206 et
878 1144 974 1228 nigra
998 1146 1031 1208 et
1049 1165 1124 1209 ean-

107 1231 182 1294 dida
210 1234 243 1292 et
270 1229 361 1292 rubri
389 1230 508 1294 coloris
538 1233 571 1294 et
597 1231 689 1295 varia
716 1230 875 1313 quaedam
905 1234 1007 1296 erant.
1053 1231 1123 1297 Hos

107 1317 210 1382 Porus
241 1313 405 1401 capabiles
437 1318 519 1382 mihi
553 1319 588 1382 in
622 1341 718 1383 usum
747 1319 905 1383 bellorum
936 1320 1125 1384 affirmabat

107 1407 323 1490 facillimeque
355 1408 459 1471 averti
491 1428 603 1490 posse,
634 1407 662 1471 si
693 1408 733 1471 ab
764 1408 927 1491 equitibus
958 1410 1124 1474 verberari

108 1518 182 1561 sues
219 1516 286 1559 non
322 1496 525 1559 desisterent.
585 1495 648 1572 Qui
684 1495 897 1561 nihilominus
924 1545 933 1563 .
961 1545 969 1564 .
995 1522 1026 1581 .;
1064 1519 1123 1563 nec

67 1605 93 1646 rs
108 1607 199 1649 mora
243 1583 443 1686 trepidantes
490 1583 656 1668 elephanti
699 1586 847 1650 conversi
891 1590 960 1650 tam
1005 1587 1123 1669 plures,

108 1695 205 1757 quam
229 1693 358 1758 pugnae
381 1673 521 1756 priores,
550 1673 654 1737 saltus
682 1677 738 1755 pet
740 1673 819 1758 iere3
848 1695 972 1775 cessere
997 1675 1123 1739 bucinis

107 1762 276 1826 hominum
310 1765 343 1826 et
380 1761 615 1846 grunnionibus
651 1783 745 1825 suum
779 1762 923 1827 attoniti.
978 1762 1124 1839 Quorum

110 1850 234 1935 equites
265 1851 427 1915 caedendo
458 1850 600 1934 poplites
631 1849 803 1914 admodum
835 1855 1019 1935 nongentos
1051 1874 1124 1916 con-

108 1943 263 2024 gregatos
296 1940 464 2023 octoginta
497 1937 688 2021 occidimus,
721 1938 775 2002 det
761 1940 939 2023 tractisque
971 1941 1123 2005 cornibus

66 2049 93 2089 ao
109 2051 165 2093 seu
190 2028 342 2092 dentibus
361 2028 544 2112 insignibus
568 2031 704 2090 onustus
727 2028 848 2110 praeda
870 2028 905 2091 in
928 2034 1036 2094 castra
1054 2052 1124 2113 per·

105 2117 190 2182 veni.
241 2116 327 2179 Iussi
354 2120 432 2179 tuno
460 2115 579 2198 pluteis
610 2119 643 2179 et
670 2115 771 2179 lorica
798 2116 919 2183 vallum
947 2119 1123 2202 praecingi,

105 2225 146 2267 ne
166 2204 244 2288 quid
262 2203 399 2267 iniuriae
418 2204 513 2267 nobis
534 2202 782 2286 elephantorum
799 2204 953 2269 violentia
974 2206 1123 2269 aliarum·

106 2313 167 2376 que
196 2291 337 2355 ferarum
372 2291 520 2355 adferret.
569 2290 640 2365 Quo
668 2295 800 2375 peracto
829 2294 939 2376 quieta
967 2317 1032 2359 nox
1060 2294 1123 2358 fuit

106 2383 140 2444 et
163 2402 263 2463 usque
287 2379 328 2443 ad
351 2380 454 2442 lucem
479 2401 592 2444 omnes
617 2401 730 2444 somno
755 2381 867 2445 refecti
890 2381 1018 2446 fuimus.

195 2629 210 2676 2
231 2624 322 2676 castra
341 2625 524 2676 cucurrerunt
548 2622 580 2678 V.
612 2622 767 2679 Tesalescis
785 2625 909 2679 B.M.V.
952 2630 968 2678 5
987 2627 1123 2679 armatos·

106 2709 159 2761 que
179 2714 209 2749 ω.
239 2694 363 2748 armatos
387 2692 466 2748 V.H.
495 2694 612 2747 armatis
632 2695 661 2748 0.
741 2698 805 2749 tet
829 2696 859 2748 V.
888 2713 938 2751 om.
957 2702 1005 2750 oet.
1033 2711 1122 2764 equos

105 2765 234 2819 Ram.
307 2764 514 2833 8praecedens
534 2763 600 2819 n.V.
630 2767 782 2834 procedens
803 2766 879 2821 GH.
953 2773 985 2820 12
1004 2785 1071 2821 usus
1092 2767 1122 2822 0.

107 2841 139 2890 13
159 2835 409 2917 facillimequeL.
422 2834 561 2903 facileque
577 2840 624 2891 cet.
657 2837 799 2891 verberari
812 2837 888 2892 VH.
918 2838 1059 2892 verberati
1073 2844 1122 2892 cet.

108 2913 140 2961 14
158 2906 208 2975 qui
229 2905 415 2961 nihilominus
433 2926 463 2959 ω.
501 2905 577 2986 qued
599 2905 782 2961 nihilominus
805 2908 892 2962 fiebat
913 2909 941 2962 0.
979 2906 1033 2972 Qui
1055 2924 1122 2962 mox

106 2995 169 3033 sues
184 2979 295 3034 fortiter
309 2978 445 3032 cedebant
456 2976 487 3034 V.
507 2975 557 3045 qui
575 2975 759 3032 nihilominus
777 2977 926 3048 fugiebant
914 2979 968 3060 tH
1003 2984 1035 3032 15
1055 2996 1120 3033 con·

104 3049 178 3105 versi
197 3052 269 3105 sunt.
307 3048 397 3114 Quam
415 3047 509 3119 plnres
530 3063 615 3130 quam
633 3067 690 3118 pug
693 3066 729 3103 na
748 3050 786 3102 H.
831 3049 1014 3116 conversique
1034 3067 1121 3117 quam

103 3121 212 3202 plures,
230 3121 279 3191 qui
297 3137 408 3190 pugnae
427 3120 539 3175 fuerant
556 3119 676 3189 priores,
700 3121 788 3173 saltus
806 3124 904 3189 petere
924 3136 1022 3189 cepere
1041 3121 1120 3175 buci-

103 3191 197 3248 nisO.
307 3198 339 3246 16
366 3191 441 3245 saltn
470 3191 563 3260 specie
586 3207 724 3244 recessere
743 3191 785 3244 M.
818 3208 926 3247 cessere
949 3191 1062 3259 quidem
1091 3191 1120 3247 V.

105 3269 139 3318 18
170 3263 319 3333 nongentis
356 3261 533 3331 congregatis
567 3261 595 3316 0.
633 3277 683 3316 orn.
715 3260 754 3316 H.
808 3266 965 3342 nongentos
1001 3278 1051 3316 om.
1087 3262 1119 3315 V.

104 3341 137 3388 21
165 3334 327 3403 pluteisG.
359 3333 462 3403 plumis
485 3333 520 3387 L.
525 3332 567 3386 M.
573 3332 609 3386 B
646 3331 776 3398 plurimis
805 3333 836 3388 V.
874 3330 968 3401 pueris
997 3333 1026 3388 0.
1069 3333 1119 3386 cli·

103 3405 163 3472 peis
178 3406 217 3459 H.
245 3404 334 3459 lorica
351 3425 380 3458 n
359 3352 425 3459 H.
444 3401 586 3459 loricisO
642 3408 676 3456 22
696 3403 789 3473 nobis]
808 3409 900 3459 noctis
915 3405 952 3458 H.
1008 3410 1042 3458 23
1062 3421 1119 3472 quo

103 3477 223 3596 peracth'
243 3476 272 3530 0.
301 3491 351 3530 om
375 3481 420 3530 cet.
543 3481 577 3528 24
601 3473 679 3530 etO.
707 3491 757 3528 om.
784 3481 831 3529 cet.
874 3475 977 3529 fuimus
1002 3475 1031 3529 0.
1074 3494 1120 3529 su-

104 3560 167 3596 mus
249 3561 300 3599 om.
319 3551 366 3599 cet.
