<?xml version="1.0" encoding="UTF-8"?>
<!DOCTYPE html PUBLIC "-//W3C//DTD XHTML 1.0 Transitional//EN"
    "http://www.w3.org/TR/xhtml1/DTD/xhtml1-transitional.dtd">
<html xmlns="http://www.w3.org/1999/xhtml" xml:lang="en" lang="en">
 <head>
  <title>
</title>
<meta http-equiv="Content-Type" content="text/html;charset=utf-8" />
  <meta name='ocr-system' content='tesseract 3.04.00' />
  <meta name='ocr-capabilities' content='ocr_page ocr_carea ocr_par ocr_line ocrx_word'/>
</head>
<body>
  <div class='ocr_page' id='page_1' title='image "./domitiivlpianiq00huscgoog/domitiivlpianiq00huscgoog_0456.png"; bbox 0 0 2362 3938; ppageno 0'>
   <div class='ocr_carea' id='block_1_1' title="bbox 366 149 1104 241">
    <p class='ocr_par' dir='ltr' id='par_1_1' title="bbox 366 149 1104 241">
     <span class='ocr_line' id='line_1_1' title="bbox 366 149 1104 241; baseline 0.016 -12"><span class='ocrx_word' id='word_1_1' title='bbox 366 172 661 230; x_wconf 77' lang='lat' dir='ltr'>Anconnumcon</span> <span class='ocrx_word' id='word_1_2' title='bbox 679 175 789 229; x_wconf 77' lang='lat' dir='ltr'>arena</span> <span class='ocrx_word' id='word_1_3' title='bbox 806 175 827 230; x_wconf 93' lang='grc' dir='ltr'>ι.</span> <span class='ocrx_word' id='word_1_4' title='bbox 949 149 952 157; x_wconf 76' lang='grc'><strong>’</strong></span> <span class='ocrx_word' id='word_1_5' title='bbox 1063 176 1104 241; x_wconf 87' lang='lat'>13</span> 
     </span>
    </p>
   </div>
   <div class='ocr_carea' id='block_1_2' title="bbox 63 322 1160 3603">
    <p class='ocr_par' dir='ltr' id='par_1_2' title="bbox 82 322 1102 759">
     <span class='ocr_line' id='line_1_2' title="bbox 82 322 894 402; baseline -0.002 -16"><span class='ocrx_word' id='word_1_6' title='bbox 82 324 275 402; x_wconf 82' lang='lat' dir='ltr'>ostenditque</span> <span class='ocrx_word' id='word_1_7' title='bbox 297 339 419 383; x_wconf 88' lang='lat' dir='ltr'>umeros</span> <span class='ocrx_word' id='word_1_8' title='bbox 442 322 536 382; x_wconf 84' lang='lat' dir='ltr'>fortes</span> <span class='ocrx_word' id='word_1_9' title='bbox 559 325 746 402; x_wconf 91' lang='lat' dir='ltr'>spatiumque</span> <span class='ocrx_word' id='word_1_10' title='bbox 771 323 894 402; x_wconf 84' lang='lat' dir='ltr'>superbi</span> 
     </span>
     <span class='ocr_line' id='line_1_3' title="bbox 83 408 1102 493; baseline 0 -19"><span class='ocrx_word' id='word_1_11' title='bbox 83 415 216 492; x_wconf 77' lang='lat' dir='ltr'>pectoris</span> <span class='ocrx_word' id='word_1_12' title='bbox 240 408 396 471; x_wconf 80' lang='lat' dir='ltr'>Herculeis</span> <span class='ocrx_word' id='word_1_13' title='bbox 420 427 561 493; x_wconf 87' lang='lat' dir='ltr'>aequum,</span> <span class='ocrx_word' id='word_1_14' title='bbox 583 411 744 493; x_wconf 82' lang='lat' dir='ltr'>Meleagro,</span> <span class='ocrx_word' id='word_1_15' title='bbox 767 411 895 473; x_wconf 86' lang='lat' dir='ltr'>lacertis.</span> <span class='ocrx_word' id='word_1_16' title='bbox 1050 424 1102 476; x_wconf 81' lang='grc'>435</span> 
     </span>
     <span class='ocr_line' id='line_1_4' title="bbox 83 498 953 586; baseline -0.001 -24"><span class='ocrx_word' id='word_1_17' title='bbox 83 502 154 562; x_wconf 91' lang='lat' dir='ltr'>hinc</span> <span class='ocrx_word' id='word_1_18' title='bbox 177 516 339 561; x_wconf 88' lang='lat' dir='ltr'>numerosa</span> <span class='ocrx_word' id='word_1_19' title='bbox 361 498 503 582; x_wconf 82' lang='lat' dir='ltr'>phalanx,</span> <span class='ocrx_word' id='word_1_20' title='bbox 525 498 625 579; x_wconf 91' lang='lat' dir='ltr'>proles</span> <span class='ocrx_word' id='word_1_21' title='bbox 650 499 793 580; x_wconf 87' lang='lat' dir='ltr'>Cyllenia:</span> <span class='ocrx_word' id='word_1_22' title='bbox 816 507 918 561; x_wconf 88' lang='lat' dir='ltr'>certus</span> <span class='ocrx_word' id='word_1_23' title='bbox 949 578 953 586; x_wconf 92' lang='lat'><em>.</em></span> 
     </span>
     <span class='ocr_line' id='line_1_5' title="bbox 83 587 821 668; baseline -0.003 -17"><span class='ocrx_word' id='word_1_24' title='bbox 83 589 253 651; x_wconf 82' lang='lat' dir='ltr'>Aethalides</span> <span class='ocrx_word' id='word_1_25' title='bbox 277 587 390 648; x_wconf 89' lang='lat' dir='ltr'>subitas</span> <span class='ocrx_word' id='word_1_26' title='bbox 413 605 508 648; x_wconf 91' lang='lat' dir='ltr'>neruo</span> <span class='ocrx_word' id='word_1_27' title='bbox 531 588 675 649; x_wconf 86' lang='lat' dir='ltr'>redeunte</span> <span class='ocrx_word' id='word_1_28' title='bbox 699 589 821 668; x_wconf 89' lang='lat' dir='ltr'>sagittas</span> 
     </span>
     <span class='ocr_line' id='line_1_6' title="bbox 83 676 914 759; baseline -0.004 -20"><span class='ocrx_word' id='word_1_29' title='bbox 83 696 206 759; x_wconf 79' lang='lat' dir='ltr'>cogere3</span> <span class='ocrx_word' id='word_1_30' title='bbox 225 684 259 738; x_wconf 90' lang='lat' dir='ltr'>tu</span> <span class='ocrx_word' id='word_1_31' title='bbox 281 676 396 737; x_wconf 91' lang='lat' dir='ltr'>medios</span> <span class='ocrx_word' id='word_1_32' title='bbox 418 676 515 756; x_wconf 84' lang='lat' dir='ltr'>gladio</span> <span class='ocrx_word' id='word_1_33' title='bbox 539 677 635 737; x_wconf 90' lang='lat' dir='ltr'>honus</span> <span class='ocrx_word' id='word_1_34' title='bbox 658 679 703 738; x_wconf 93' lang='lat' dir='ltr'>ire</span> <span class='ocrx_word' id='word_1_35' title='bbox 725 695 780 756; x_wconf 89' lang='lat' dir='ltr'>per</span> <span class='ocrx_word' id='word_1_36' title='bbox 802 677 914 759; x_wconf 88' lang='lat' dir='ltr'>hostes,</span> 
     </span>
    </p>

    <p class='ocr_par' dir='ltr' id='par_1_3' title="bbox 83 764 985 937">
     <span class='ocr_line' id='line_1_7' title="bbox 83 764 985 848; baseline -0.001 -21"><span class='ocrx_word' id='word_1_37' title='bbox 83 767 211 846; x_wconf 81' lang='lat' dir='ltr'>Euryte3</span> <span class='ocrx_word' id='word_1_38' title='bbox 234 784 290 826; x_wconf 91' lang='lat' dir='ltr'>nec</span> <span class='ocrx_word' id='word_1_39' title='bbox 313 766 410 845; x_wconf 91' lang='lat' dir='ltr'>patrio</span> <span class='ocrx_word' id='word_1_40' title='bbox 433 764 539 844; x_wconf 78' lang='lat' dir='ltr'>Minyis</span> <span class='ocrx_word' id='word_1_41' title='bbox 562 764 700 844; x_wconf 86' lang='lat' dir='ltr'>ignobilis</span> <span class='ocrx_word' id='word_1_42' title='bbox 724 785 791 848; x_wconf 72' lang='lat' dir='ltr'>risu,</span> <span class='ocrx_word' id='word_1_43' title='bbox 980 828 985 840; x_wconf 66' lang='lat'>‚</span> 
     </span>
     <span class='ocr_line' id='line_1_8' title="bbox 84 848 912 937; baseline -0.001 -23"><span class='ocrx_word' id='word_1_44' title='bbox 84 857 190 916; x_wconf 89' lang='lat' dir='ltr'>nuntia</span> <span class='ocrx_word' id='word_1_45' title='bbox 213 853 307 914; x_wconf 91' lang='lat' dir='ltr'>uerba</span> <span class='ocrx_word' id='word_1_46' title='bbox 330 855 415 914; x_wconf 89' lang='lat' dir='ltr'>ducis</span> <span class='ocrx_word' id='word_1_47' title='bbox 438 853 555 933; x_wconf 89' lang='lat' dir='ltr'>populis</span> <span class='ocrx_word' id='word_1_48' title='bbox 568 848 631 932; x_wconf 58' lang='lat' dir='ltr'>‘qui</span> <span class='ocrx_word' id='word_1_49' title='bbox 654 854 765 936; x_wconf 86' lang='lat' dir='ltr'>reddit,</span> <span class='ocrx_word' id='word_1_50' title='bbox 787 853 912 937; x_wconf 87' lang='lat' dir='ltr'>Echion.</span> 
     </span>
    </p>

    <p class='ocr_par' dir='ltr' id='par_1_4' title="bbox 63 941 1160 3603">
     <span class='ocr_line' id='line_1_9' title="bbox 63 941 1094 1026; baseline 0 -23"><span class='ocrx_word' id='word_1_51' title='bbox 63 944 143 1011; x_wconf 51' lang='lat' dir='ltr'>,sed</span> <span class='ocrx_word' id='word_1_52' title='bbox 160 961 235 1024; x_wconf 97' lang='lat' dir='ltr'>non,</span> <span class='ocrx_word' id='word_1_53' title='bbox 257 941 336 1025; x_wconf 90' lang='lat' dir='ltr'>lphi,</span> <span class='ocrx_word' id='word_1_54' title='bbox 358 943 419 1003; x_wconf 91' lang='lat' dir='ltr'>tuis</span> <span class='ocrx_word' id='word_1_55' title='bbox 442 941 520 1022; x_wconf 79' lang='lat' dir='ltr'>Argo</span> <span class='ocrx_word' id='word_1_56' title='bbox 543 944 676 1003; x_wconf 88' lang='lat' dir='ltr'>reditura</span> <span class='ocrx_word' id='word_1_57' title='bbox 699 943 818 1003; x_wconf 91' lang='lat' dir='ltr'>lacertis</span> <span class='ocrx_word' id='word_1_58' title='bbox 1046 1019 1049 1026; x_wconf 24' lang='grc' dir='ltr'>Ι</span> <span class='ocrx_word' id='word_1_59' title='bbox 1089 1001 1094 1011; x_wconf 85' lang='grc'><strong>,</strong></span> 
     </span>
     <span class='ocr_line' id='line_1_10' title="bbox 83 1026 962 1111; baseline 0 -19"><span class='ocrx_word' id='word_1_60' title='bbox 83 1031 143 1092; x_wconf 86' lang='lat' dir='ltr'>beu</span> <span class='ocrx_word' id='word_1_61' title='bbox 167 1034 300 1092; x_wconf 89' lang='lat' dir='ltr'>cinerem</span> <span class='ocrx_word' id='word_1_62' title='bbox 324 1029 461 1109; x_wconf 90' lang='lat' dir='ltr'>Scythica</span> <span class='ocrx_word' id='word_1_63' title='bbox 484 1038 513 1090; x_wconf 88' lang='lat' dir='ltr'>tc</span> <span class='ocrx_word' id='word_1_64' title='bbox 536 1039 648 1091; x_wconf 89' lang='lat' dir='ltr'>maesta</span> <span class='ocrx_word' id='word_1_65' title='bbox 670 1032 822 1111; x_wconf 89' lang='lat' dir='ltr'>relinquet</span> <span class='ocrx_word' id='word_1_66' title='bbox 843 1026 962 1093; x_wconf 86' lang='lat' dir='ltr'>harena.</span> 
     </span>
     <span class='ocr_line' id='line_1_11' title="bbox 83 1117 878 1198; baseline 0.001 -17"><span class='ocrx_word' id='word_1_67' title='bbox 83 1128 310 1197; x_wconf 85' lang='lat' dir='ltr'>cessantemque</span> <span class='ocrx_word' id='word_1_68' title='bbox 334 1126 418 1179; x_wconf 89' lang='lat' dir='ltr'>tuom</span> <span class='ocrx_word' id='word_1_69' title='bbox 440 1117 553 1198; x_wconf 85' lang='lat' dir='ltr'>lugebit</span> <span class='ocrx_word' id='word_1_70' title='bbox 575 1122 606 1179; x_wconf 91' lang='lat' dir='ltr'>in</span> <span class='ocrx_word' id='word_1_71' title='bbox 625 1120 729 1180; x_wconf 89' lang='lat' dir='ltr'>ordine</span> <span class='ocrx_word' id='word_1_72' title='bbox 753 1138 878 1182; x_wconf 86' lang='lat' dir='ltr'>remum.</span> 
     </span>
     <span class='ocr_line' id='line_1_12' title="bbox 82 1208 868 1287; baseline 0.003 -19"><span class='ocrx_word' id='word_1_73' title='bbox 82 1216 113 1268; x_wconf 92' lang='lat' dir='ltr'>te</span> <span class='ocrx_word' id='word_1_74' title='bbox 139 1226 258 1287; x_wconf 91' lang='lat' dir='ltr'>quoque</span> <span class='ocrx_word' id='word_1_75' title='bbox 282 1208 353 1267; x_wconf 91' lang='lat' dir='ltr'>dant</span> <span class='ocrx_word' id='word_1_76' title='bbox 376 1209 472 1287; x_wconf 91' lang='lat' dir='ltr'>campi</span> <span class='ocrx_word' id='word_1_77' title='bbox 495 1215 577 1268; x_wconf 91' lang='lat' dir='ltr'>tanto</span> <span class='ocrx_word' id='word_1_78' title='bbox 600 1217 719 1287; x_wconf 88' lang='lat' dir='ltr'>pastore</span> <span class='ocrx_word' id='word_1_79' title='bbox 742 1208 868 1270; x_wconf 83' lang='lat' dir='ltr'>Pheraei</span> 
     </span>
     <span class='ocr_line' id='line_1_13' title="bbox 82 1295 819 1376; baseline 0.003 -19"><span class='ocrx_word' id='word_1_80' title='bbox 82 1297 200 1376; x_wconf 84' lang='lat' dir='ltr'>felices,</span> <span class='ocrx_word' id='word_1_81' title='bbox 224 1295 360 1375; x_wconf 79' lang='lat' dir='ltr'>Admetc3</span> <span class='ocrx_word' id='word_1_82' title='bbox 384 1297 444 1356; x_wconf 93' lang='lat' dir='ltr'>tuis</span> <span class='ocrx_word' id='word_1_83' title='bbox 467 1313 536 1356; x_wconf 92' lang='lat' dir='ltr'>nam</span> <span class='ocrx_word' id='word_1_84' title='bbox 557 1297 661 1376; x_wconf 91' lang='lat' dir='ltr'>pendit</span> <span class='ocrx_word' id='word_1_85' title='bbox 683 1300 714 1359; x_wconf 92' lang='lat' dir='ltr'>in</span> <span class='ocrx_word' id='word_1_86' title='bbox 738 1301 819 1359; x_wconf 88' lang='lat' dir='ltr'>aruis</span> 
     </span>
     <span class='ocr_line' id='line_1_14' title="bbox 81 1383 854 1486; baseline 0.003 -42"><span class='ocrx_word' id='word_1_87' title='bbox 81 1383 198 1467; x_wconf 86' lang='lat' dir='ltr'>Delius,</span> <span class='ocrx_word' id='word_1_88' title='bbox 222 1386 337 1463; x_wconf 89' lang='lat' dir='ltr'>ingrato</span> <span class='ocrx_word' id='word_1_89' title='bbox 362 1383 508 1486; x_wconf 81' lang='lat' dir='ltr'>Steropen</span> <span class='ocrx_word' id='word_1_90' title='bbox 532 1384 611 1463; x_wconf 93' lang='lat' dir='ltr'>quod</span> <span class='ocrx_word' id='word_1_91' title='bbox 635 1386 752 1447; x_wconf 85' lang='lat' dir='ltr'>ftudera</span> <span class='ocrx_word' id='word_1_92' title='bbox 740 1395 854 1448; x_wconf 88' lang='lat' dir='ltr'>t.arcu</span> 
     </span>
     <span class='ocr_line' id='line_1_15' title="bbox 82 1471 824 1553; baseline 0 -19"><span class='ocrx_word' id='word_1_93' title='bbox 82 1492 99 1534; x_wconf 94' lang='lat' dir='ltr'>a</span> <span class='ocrx_word' id='word_1_94' title='bbox 122 1475 262 1559; x_wconf 90' lang='lat' dir='ltr'>quotiens</span> <span class='ocrx_word' id='word_1_95' title='bbox 285 1471 395 1534; x_wconf 85' lang='lat' dir='ltr'>famulo</span> <span class='ocrx_word' id='word_1_96' title='bbox 419 1480 472 1533; x_wconf 91' lang='lat' dir='ltr'>not</span> <span class='ocrx_word' id='word_1_97' title='bbox 472 1474 498 1532; x_wconf 94' lang='lat' dir='ltr'>is</span> <span class='ocrx_word' id='word_1_98' title='bbox 521 1491 606 1533; x_wconf 91' lang='lat' dir='ltr'>soror</span> <span class='ocrx_word' id='word_1_99' title='bbox 630 1473 718 1534; x_wconf 90' lang='lat' dir='ltr'>obuia</span> <span class='ocrx_word' id='word_1_100' title='bbox 741 1474 824 1535; x_wconf 90' lang='lat' dir='ltr'>siluis</span> 
     </span>
     <span class='ocr_line' id='line_1_16' title="bbox 82 1539 850 1643; baseline -0.003 -20"><span class='ocrx_word' id='word_1_101' title='bbox 82 1563 183 1643; x_wconf 89' lang='lat' dir='ltr'>lleuit,</span> <span class='ocrx_word' id='word_1_102' title='bbox 207 1539 259 1621; x_wconf 86' lang='lat' dir='ltr'>ubi</span> <span class='ocrx_word' id='word_1_103' title='bbox 282 1560 409 1622; x_wconf 84' lang='lat' dir='ltr'>Ossaeae</span> <span class='ocrx_word' id='word_1_104' title='bbox 434 1569 567 1640; x_wconf 90' lang='lat' dir='ltr'>captaret</span> <span class='ocrx_word' id='word_1_105' title='bbox 590 1562 702 1640; x_wconf 81' lang='lat' dir='ltr'>frigora</span> <span class='ocrx_word' id='word_1_106' title='bbox 720 1580 850 1640; x_wconf 88' lang='lat' dir='ltr'>quercus</span> 
     </span>
     <span class='ocr_line' id='line_1_17' title="bbox 82 1649 851 1730; baseline -0.003 -19"><span class='ocrx_word' id='word_1_107' title='bbox 82 1650 284 1730; x_wconf 89' lang='lat' dir='ltr'>pandereet</span> <span class='ocrx_word' id='word_1_108' title='bbox 304 1651 409 1729; x_wconf 90' lang='lat' dir='ltr'>pingui</span> <span class='ocrx_word' id='word_1_109' title='bbox 432 1667 547 1711; x_wconf 90' lang='lat' dir='ltr'>mersos</span> <span class='ocrx_word' id='word_1_110' title='bbox 569 1649 717 1711; x_wconf 88' lang='lat' dir='ltr'>Boebeide</span> <span class='ocrx_word' id='word_1_111' title='bbox 742 1652 851 1710; x_wconf 91' lang='lat' dir='ltr'>crines</span> 
     </span>
     <span class='ocr_line' id='line_1_18' title="bbox 81 1737 777 1817; baseline -0.003 -18"><span class='ocrx_word' id='word_1_112' title='bbox 81 1741 212 1817; x_wconf 81' lang='lat' dir='ltr'>insurgit</span> <span class='ocrx_word' id='word_1_113' title='bbox 234 1740 373 1799; x_wconf 85' lang='lat' dir='ltr'>transtris</span> <span class='ocrx_word' id='word_1_114' title='bbox 398 1746 427 1798; x_wconf 91' lang='lat' dir='ltr'>et</span> <span class='ocrx_word' id='word_1_115' title='bbox 449 1756 533 1798; x_wconf 88' lang='lat' dir='ltr'>remo</span> <span class='ocrx_word' id='word_1_116' title='bbox 556 1737 652 1799; x_wconf 88' lang='lat' dir='ltr'>Nerea</span> <span class='ocrx_word' id='word_1_117' title='bbox 675 1746 777 1799; x_wconf 88' lang='lat' dir='ltr'>uersat</span> 
     </span>
     <span class='ocr_line' id='line_1_19' title="bbox 82 1826 911 1908; baseline -0.004 -21"><span class='ocrx_word' id='word_1_118' title='bbox 82 1826 229 1908; x_wconf 76' lang='lat' dir='ltr'>Canthus,</span> <span class='ocrx_word' id='word_1_119' title='bbox 251 1828 283 1887; x_wconf 91' lang='lat' dir='ltr'>in</span> <span class='ocrx_word' id='word_1_120' title='bbox 305 1826 402 1887; x_wconf 79' lang='lat' dir='ltr'>Aeaeo</span> <span class='ocrx_word' id='word_1_121' title='bbox 425 1827 528 1888; x_wconf 90' lang='lat' dir='ltr'>uoluet</span> <span class='ocrx_word' id='word_1_122' title='bbox 552 1844 641 1906; x_wconf 89' lang='lat' dir='ltr'>quem</span> <span class='ocrx_word' id='word_1_123' title='bbox 663 1826 788 1888; x_wconf 91' lang='lat' dir='ltr'>barbara</span> <span class='ocrx_word' id='word_1_124' title='bbox 812 1826 911 1904; x_wconf 90' lang='lat' dir='ltr'>cuspis</span> 
     </span>
     <span class='ocr_line' id='line_1_20' title="bbox 82 1913 872 1996; baseline -0.001 -21"><span class='ocrx_word' id='word_1_125' title='bbox 82 1916 222 1996; x_wconf 82' lang='lat' dir='ltr'>puluere3</span> <span class='ocrx_word' id='word_1_126' title='bbox 245 1922 275 1976; x_wconf 90' lang='lat' dir='ltr'>at</span> <span class='ocrx_word' id='word_1_127' title='bbox 296 1916 412 1976; x_wconf 88' lang='lat' dir='ltr'>interea</span> <span class='ocrx_word' id='word_1_128' title='bbox 435 1914 507 1975; x_wconf 89' lang='lat' dir='ltr'>clari</span> <span class='ocrx_word' id='word_1_129' title='bbox 531 1915 622 1976; x_wconf 89' lang='lat' dir='ltr'>decus</span> <span class='ocrx_word' id='word_1_130' title='bbox 646 1914 759 1976; x_wconf 88' lang='lat' dir='ltr'>adiacet</span> <span class='ocrx_word' id='word_1_131' title='bbox 781 1913 872 1995; x_wconf 92' lang='lat' dir='ltr'>orbis,</span> 
     </span>
     <span class='ocr_line' id='line_1_21' title="bbox 82 2002 914 2085; baseline -0.004 -20"><span class='ocrx_word' id='word_1_132' title='bbox 82 2022 172 2084; x_wconf 92' lang='lat' dir='ltr'>quem</span> <span class='ocrx_word' id='word_1_133' title='bbox 195 2005 312 2082; x_wconf 87' lang='lat' dir='ltr'>genitor</span> <span class='ocrx_word' id='word_1_134' title='bbox 335 2002 469 2082; x_wconf 86' lang='lat' dir='ltr'>gestabat</span> <span class='ocrx_word' id='word_1_135' title='bbox 491 2003 582 2085; x_wconf 81' lang='lat' dir='ltr'>dhas3</span> <span class='ocrx_word' id='word_1_136' title='bbox 606 2012 686 2064; x_wconf 88' lang='lat' dir='ltr'>secat</span> <span class='ocrx_word' id='word_1_137' title='bbox 709 2021 798 2063; x_wconf 89' lang='lat' dir='ltr'>aurea</span> <span class='ocrx_word' id='word_1_138' title='bbox 821 2003 914 2063; x_wconf 90' lang='lat' dir='ltr'>ssuotu</span> 
     </span>
     <span class='ocr_line' id='line_1_22' title="bbox 81 2090 863 2172; baseline -0.003 -19"><span class='ocrx_word' id='word_1_139' title='bbox 81 2095 212 2172; x_wconf 85' lang='lat' dir='ltr'>tegmina</span> <span class='ocrx_word' id='word_1_140' title='bbox 235 2090 416 2153; x_wconf 82' lang='lat' dir='ltr'>Chalcidicas</span> <span class='ocrx_word' id='word_1_141' title='bbox 435 2093 552 2171; x_wconf 85' lang='lat' dir='ltr'>lugiens</span> <span class='ocrx_word' id='word_1_142' title='bbox 574 2091 705 2172; x_wconf 89' lang='lat' dir='ltr'>Euripus</span> <span class='ocrx_word' id='word_1_143' title='bbox 729 2091 863 2172; x_wconf 89' lang='lat' dir='ltr'>barenas,</span> 
     </span>
     <span class='ocr_line' id='line_1_23' title="bbox 82 2180 910 2261; baseline -0.002 -20"><span class='ocrx_word' id='word_1_144' title='bbox 82 2181 222 2261; x_wconf 87' lang='lat' dir='ltr'>celsaque</span> <span class='ocrx_word' id='word_1_145' title='bbox 241 2182 415 2241; x_wconf 80' lang='lat' dir='ltr'>semiferum</span> <span class='ocrx_word' id='word_1_146' title='bbox 438 2189 639 2260; x_wconf 88' lang='lat' dir='ltr'>contorquens</span> <span class='ocrx_word' id='word_1_147' title='bbox 662 2181 747 2241; x_wconf 86' lang='lat' dir='ltr'>frena</span> <span class='ocrx_word' id='word_1_148' title='bbox 769 2180 910 2261; x_wconf 93' lang='lat' dir='ltr'>luporum</span> 
     </span>
     <span class='ocr_line' id='line_1_24' title="bbox 82 2268 905 2351; baseline 0 -22"><span class='ocrx_word' id='word_1_149' title='bbox 82 2272 180 2348; x_wconf 83' lang='lat' dir='ltr'>surgis</span> <span class='ocrx_word' id='word_1_150' title='bbox 204 2268 240 2329; x_wconf 93' lang='lat' dir='ltr'>ab</span> <span class='ocrx_word' id='word_1_151' title='bbox 264 2270 403 2329; x_wconf 83' lang='lat' dir='ltr'>ostrifero</span> <span class='ocrx_word' id='word_1_152' title='bbox 427 2269 556 2351; x_wconf 88' lang='lat' dir='ltr'>medius,</span> <span class='ocrx_word' id='word_1_153' title='bbox 579 2269 730 2351; x_wconf 89' lang='lat' dir='ltr'>Neptune,</span> <span class='ocrx_word' id='word_1_154' title='bbox 754 2269 905 2329; x_wconf 84' lang='lat' dir='ltr'>Geraesto.</span> 
     </span>
     <span class='ocr_line' id='line_1_25' title="bbox 83 2356 839 2439; baseline -0.003 -21"><span class='ocrx_word' id='word_1_155' title='bbox 83 2377 137 2418; x_wconf 89' lang='lat' dir='ltr'>nec</span> <span class='ocrx_word' id='word_1_156' title='bbox 161 2356 217 2418; x_wconf 92' lang='lat' dir='ltr'>tibi</span> <span class='ocrx_word' id='word_1_157' title='bbox 239 2356 367 2418; x_wconf 89' lang='lat' dir='ltr'>Pabadia</span> <span class='ocrx_word' id='word_1_158' title='bbox 389 2360 475 2439; x_wconf 93' lang='lat' dir='ltr'>pinu,</span> <span class='ocrx_word' id='word_1_159' title='bbox 498 2357 693 2439; x_wconf 88' lang='lat' dir='ltr'>Polypheme,</span> <span class='ocrx_word' id='word_1_160' title='bbox 717 2365 839 2419; x_wconf 89' lang='lat' dir='ltr'>reuecto</span> 
     </span>
     <span class='ocr_line' id='line_1_26' title="bbox 80 2445 875 2526; baseline -0.001 -19"><span class='ocrx_word' id='word_1_161' title='bbox 80 2454 149 2508; x_wconf 87' lang='lat' dir='ltr'>ante</span> <span class='ocrx_word' id='word_1_162' title='bbox 174 2445 281 2506; x_wconf 91' lang='lat' dir='ltr'>urbem</span> <span class='ocrx_word' id='word_1_163' title='bbox 303 2445 435 2507; x_wconf 89' lang='lat' dir='ltr'>ardentis</span> <span class='ocrx_word' id='word_1_164' title='bbox 458 2454 551 2508; x_wconf 91' lang='lat' dir='ltr'>restat</span> <span class='ocrx_word' id='word_1_165' title='bbox 574 2446 759 2526; x_wconf 88' lang='lat' dir='ltr'>deprendere</span> <span class='ocrx_word' id='word_1_166' title='bbox 782 2448 875 2526; x_wconf 90' lang='lat' dir='ltr'>patris</span> 
     </span>
     <span class='ocr_line' id='line_1_27' title="bbox 80 2533 862 2617; baseline 0 -22"><span class='ocrx_word' id='word_1_167' title='bbox 80 2534 246 2616; x_wconf 88' lang='lat' dir='ltr'>relliquias,</span> <span class='ocrx_word' id='word_1_168' title='bbox 269 2533 397 2596; x_wconf 90' lang='lat' dir='ltr'>multum</span> <span class='ocrx_word' id='word_1_169' title='bbox 420 2535 537 2596; x_wconf 81' lang='lat' dir='ltr'>famulis</span> <span class='ocrx_word' id='word_1_170' title='bbox 558 2538 608 2615; x_wconf 92' lang='lat' dir='ltr'>pia</span> <span class='ocrx_word' id='word_1_171' title='bbox 630 2539 708 2598; x_wconf 91' lang='lat' dir='ltr'>iusta</span> <span class='ocrx_word' id='word_1_172' title='bbox 731 2538 862 2617; x_wconf 91' lang='lat' dir='ltr'>moratis,</span> 
     </span>
     <span class='ocr_line' id='line_1_28' title="bbox 80 2622 849 2685; baseline 0 -2"><span class='ocrx_word' id='word_1_173' title='bbox 80 2625 106 2683; x_wconf 91' lang='lat' dir='ltr'>si</span> <span class='ocrx_word' id='word_1_174' title='bbox 129 2624 243 2684; x_wconf 88' lang='lat' dir='ltr'>uenias.</span> <span class='ocrx_word' id='word_1_175' title='bbox 288 2622 428 2684; x_wconf 87' lang='lat' dir='ltr'>breuiore</span> <span class='ocrx_word' id='word_1_176' title='bbox 452 2624 521 2684; x_wconf 85' lang='lat' dir='ltr'>ferit</span> <span class='ocrx_word' id='word_1_177' title='bbox 543 2626 602 2685; x_wconf 90' lang='lat' dir='ltr'>iam</span> <span class='ocrx_word' id='word_1_178' title='bbox 626 2625 743 2685; x_wconf 90' lang='lat' dir='ltr'>caerula</span> <span class='ocrx_word' id='word_1_179' title='bbox 765 2642 849 2684; x_wconf 89' lang='lat' dir='ltr'>remo</span> 
     </span>
     <span class='ocr_line' id='line_1_29' title="bbox 79 2710 892 2798; baseline 0.005 -28"><span class='ocrx_word' id='word_1_180' title='bbox 79 2719 207 2798; x_wconf 83' lang='lat' dir='ltr'>occupat</span> <span class='ocrx_word' id='word_1_181' title='bbox 230 2719 261 2772; x_wconf 90' lang='grc' dir='ltr'>ιι</span> <span class='ocrx_word' id='word_1_182' title='bbox 282 2710 370 2790; x_wconf 93' lang='lat' dir='ltr'>longe</span> <span class='ocrx_word' id='word_1_183' title='bbox 393 2730 447 2773; x_wconf 87' lang='lat' dir='ltr'>sua</span> <span class='ocrx_word' id='word_1_184' title='bbox 469 2720 599 2773; x_wconf 91' lang='lat' dir='ltr'>transtra</span> <span class='ocrx_word' id='word_1_185' title='bbox 616 2715 798 2774; x_wconf 88' lang='lat' dir='ltr'>nouissimus</span> <span class='ocrx_word' id='word_1_186' title='bbox 817 2713 892 2774; x_wconf 88' lang='lat' dir='ltr'>ldas.</span> 
     </span>
     <span class='ocr_line' id='line_1_30' title="bbox 79 2799 852 2882; baseline 0.003 -22"><span class='ocrx_word' id='word_1_187' title='bbox 79 2808 110 2861; x_wconf 91' lang='lat' dir='ltr'>at</span> <span class='ocrx_word' id='word_1_188' title='bbox 133 2800 226 2860; x_wconf 85' lang='lat' dir='ltr'>irater</span> <span class='ocrx_word' id='word_1_189' title='bbox 249 2818 372 2880; x_wconf 89' lang='lat' dir='ltr'>magnos</span> <span class='ocrx_word' id='word_1_190' title='bbox 394 2799 531 2880; x_wconf 80' lang='lat' dir='ltr'>Lynceus</span> <span class='ocrx_word' id='word_1_191' title='bbox 554 2810 693 2863; x_wconf 89' lang='lat' dir='ltr'>seruatur</span> <span class='ocrx_word' id='word_1_192' title='bbox 715 2804 747 2863; x_wconf 93' lang='lat' dir='ltr'>in</span> <span class='ocrx_word' id='word_1_193' title='bbox 769 2820 852 2882; x_wconf 91' lang='lat' dir='ltr'>usus,</span> 
     </span>
     <span class='ocr_line' id='line_1_31' title="bbox 78 2887 870 2971; baseline -0.001 -22"><span class='ocrx_word' id='word_1_194' title='bbox 78 2906 171 2967; x_wconf 89' lang='lat' dir='ltr'>quem</span> <span class='ocrx_word' id='word_1_195' title='bbox 194 2888 263 2949; x_wconf 88' lang='lat' dir='ltr'>tuht</span> <span class='ocrx_word' id='word_1_196' title='bbox 284 2887 396 2969; x_wconf 75' lang='lat' dir='ltr'>Arene,</span> <span class='ocrx_word' id='word_1_197' title='bbox 418 2891 514 2969; x_wconf 91' lang='lat' dir='ltr'>possit</span> <span class='ocrx_word' id='word_1_198' title='bbox 536 2893 587 2969; x_wconf 89' lang='lat' dir='ltr'>qui</span> <span class='ocrx_word' id='word_1_199' title='bbox 610 2909 751 2971; x_wconf 88' lang='lat' dir='ltr'>rumpere</span> <span class='ocrx_word' id='word_1_200' title='bbox 774 2898 870 2950; x_wconf 91' lang='lat' dir='ltr'>terras</span> 
     </span>
     <span class='ocr_line' id='line_1_32' title="bbox 78 2976 869 3058; baseline -0.001 -22"><span class='ocrx_word' id='word_1_201' title='bbox 78 2984 111 3036; x_wconf 87' lang='lat' dir='ltr'>et</span> <span class='ocrx_word' id='word_1_202' title='bbox 135 2976 225 3056; x_wconf 90' lang='lat' dir='ltr'>Styga</span> <span class='ocrx_word' id='word_1_203' title='bbox 248 2980 423 3038; x_wconf 88' lang='lat' dir='ltr'>transmisso</span> <span class='ocrx_word' id='word_1_204' title='bbox 446 2981 565 3039; x_wconf 91' lang='lat' dir='ltr'>tacitam</span> <span class='ocrx_word' id='word_1_205' title='bbox 584 2979 769 3058; x_wconf 88' lang='lat' dir='ltr'>deprendere</span> <span class='ocrx_word' id='word_1_206' title='bbox 793 2979 869 3037; x_wconf 91' lang='lat' dir='ltr'>uisu.</span> 
     </span>
     <span class='ocr_line' id='line_1_33' title="bbox 77 3064 1096 3144; baseline -0.004 -17"><span class='ocrx_word' id='word_1_207' title='bbox 77 3064 221 3127; x_wconf 84' lang='lat' dir='ltr'>fluctibus</span> <span class='ocrx_word' id='word_1_208' title='bbox 244 3084 260 3126; x_wconf 89' lang='grc' dir='ltr'>ι</span> <span class='ocrx_word' id='word_1_209' title='bbox 284 3066 390 3127; x_wconf 84' lang='lat' dir='ltr'>mediis</span> <span class='ocrx_word' id='word_1_210' title='bbox 411 3074 508 3128; x_wconf 87' lang='lat' dir='ltr'>terras</span> <span class='ocrx_word' id='word_1_211' title='bbox 531 3067 613 3127; x_wconf 90' lang='lat' dir='ltr'>dabit</span> <span class='ocrx_word' id='word_1_212' title='bbox 634 3066 683 3127; x_wconf 89' lang='lat' dir='ltr'>ille</span> <span class='ocrx_word' id='word_1_213' title='bbox 706 3067 847 3144; x_wconf 87' lang='lat' dir='ltr'>magistro</span> <span class='ocrx_word' id='word_1_214' title='bbox 1043 3073 1096 3124; x_wconf 80' lang='lat'>465</span> 
     </span>
     <span class='ocr_line' id='line_1_34' title="bbox 79 3149 993 3237; baseline -0.003 -24"><span class='ocrx_word' id='word_1_215' title='bbox 79 3161 112 3213; x_wconf 89' lang='lat' dir='ltr'>et</span> <span class='ocrx_word' id='word_1_216' title='bbox 134 3153 216 3214; x_wconf 91' lang='lat' dir='ltr'>dabit</span> <span class='ocrx_word' id='word_1_217' title='bbox 239 3162 319 3215; x_wconf 89' lang='lat' dir='ltr'>astra</span> <span class='ocrx_word' id='word_1_218' title='bbox 341 3156 412 3237; x_wconf 89' lang='lat' dir='ltr'>rati,</span> <span class='ocrx_word' id='word_1_219' title='bbox 436 3174 564 3235; x_wconf 88' lang='lat' dir='ltr'>cumque</span> <span class='ocrx_word' id='word_1_220' title='bbox 587 3154 708 3216; x_wconf 86' lang='lat' dir='ltr'>aethera</span> <span class='ocrx_word' id='word_1_221' title='bbox 731 3154 865 3233; x_wconf 89' lang='lat' dir='ltr'>luppiter</span> <span class='ocrx_word' id='word_1_222' title='bbox 887 3149 993 3212; x_wconf 92' lang='lat' dir='ltr'>umbra</span> 
     </span>
     <span class='ocr_line' id='line_1_35' title="bbox 79 3242 946 3324; baseline 0 -23"><span class='ocrx_word' id='word_1_223' title='bbox 79 3242 260 3324; x_wconf 88' lang='lat' dir='ltr'>condiderit,</span> <span class='ocrx_word' id='word_1_224' title='bbox 285 3243 368 3304; x_wconf 89' lang='lat' dir='ltr'>solus</span> <span class='ocrx_word' id='word_1_225' title='bbox 390 3244 530 3305; x_wconf 87' lang='lat' dir='ltr'>transibit</span> <span class='ocrx_word' id='word_1_226' title='bbox 552 3243 652 3305; x_wconf 91' lang='lat' dir='ltr'>nubila</span> <span class='ocrx_word' id='word_1_227' title='bbox 675 3242 819 3322; x_wconf 89' lang='lat' dir='ltr'>Lynceus.</span> <span class='ocrx_word' id='word_1_228' title='bbox 941 3250 946 3261; x_wconf 91' lang='lat'>&#39;</span> 
     </span>
     <span class='ocr_line' id='line_1_36' title="bbox 76 3330 807 3412; baseline -0.001 -21"><span class='ocrx_word' id='word_1_229' title='bbox 76 3331 152 3408; x_wconf 92' lang='lat' dir='ltr'>quin</span> <span class='ocrx_word' id='word_1_230' title='bbox 176 3340 207 3392; x_wconf 90' lang='lat' dir='ltr'>et</span> <span class='ocrx_word' id='word_1_231' title='bbox 230 3330 391 3411; x_wconf 84' lang='lat' dir='ltr'>Cecropiae</span> <span class='ocrx_word' id='word_1_232' title='bbox 413 3332 514 3412; x_wconf 88' lang='lat' dir='ltr'>proles</span> <span class='ocrx_word' id='word_1_233' title='bbox 537 3340 623 3393; x_wconf 86' lang='lat' dir='ltr'>uacat</span> <span class='ocrx_word' id='word_1_234' title='bbox 646 3331 807 3411; x_wconf 82' lang='lat' dir='ltr'>Orithyiae,</span> 
     </span>
     <span class='ocr_line' id='line_1_37' title="bbox 77 3416 1160 3500; baseline -0.002 -23"><span class='ocrx_word' id='word_1_235' title='bbox 77 3425 227 3498; x_wconf 89' lang='lat' dir='ltr'>temperet</span> <span class='ocrx_word' id='word_1_236' title='bbox 249 3429 283 3481; x_wconf 94' lang='lat' dir='ltr'>ut</span> <span class='ocrx_word' id='word_1_237' title='bbox 306 3422 450 3482; x_wconf 71' lang='lat' dir='ltr'>henredus</span> <span class='ocrx_word' id='word_1_238' title='bbox 474 3420 560 3482; x_wconf 90' lang='lat' dir='ltr'>Zetes</span> <span class='ocrx_word' id='word_1_239' title='bbox 583 3421 733 3500; x_wconf 85' lang='lat' dir='ltr'>fraterque</span> <span class='ocrx_word' id='word_1_240' title='bbox 757 3416 912 3479; x_wconf 90' lang='lat' dir='ltr'>ceruchos.</span> <span class='ocrx_word' id='word_1_241' title='bbox 1147 3478 1160 3493; x_wconf 27' lang='grc' dir='ltr'>Ι,</span> 
     </span>
     <span class='ocr_line' id='line_1_38' title="bbox 77 3496 1160 3603; baseline 0 -37"><span class='ocrx_word' id='word_1_242' title='bbox 77 3523 134 3566; x_wconf 88' lang='lat' dir='ltr'>nec</span> <span class='ocrx_word' id='word_1_243' title='bbox 155 3525 232 3569; x_wconf 89' lang='lat' dir='ltr'>uero</span> <span class='ocrx_word' id='word_1_244' title='bbox 256 3507 400 3589; x_wconf 87' lang='lat' dir='ltr'>Odrysius</span> <span class='ocrx_word' id='word_1_245' title='bbox 423 3511 562 3571; x_wconf 89' lang='lat' dir='ltr'>transtris</span> <span class='ocrx_word' id='word_1_246' title='bbox 585 3509 760 3589; x_wconf 88' lang='lat' dir='ltr'>inpenditur</span> <span class='ocrx_word' id='word_1_247' title='bbox 783 3506 921 3587; x_wconf 89' lang='lat' dir='ltr'>Orpheus</span> <span class='ocrx_word' id='word_1_248' title='bbox 1042 3517 1095 3567; x_wconf 76' lang='lat'>470</span> <span class='ocrx_word' id='word_1_249' title='bbox 1151 3496 1160 3603; x_wconf 60' lang='lat' dir='ltr'>l</span> 
     </span>
    </p>
   </div>
   <div class='ocr_carea' id='block_1_3' title="bbox 0 0 1186 3938">
    <p class='ocr_par' dir='ltr' id='par_1_5' title="bbox 0 0 1186 3938">
     <span class='ocr_line' id='line_1_39' title="bbox 0 0 1186 3938; baseline 0 0"><span class='ocrx_word' id='word_1_250' title='bbox 0 0 1186 3938; x_wconf 95' lang='lat' dir='ltr'> </span> 
     </span>
    </p>
   </div>
  </div>
 </body>
</html>
