2370 3938
244 168 246 172 '
340 186 632 244 maouauurcou
649 189 758 244 amna
775 190 797 245 1.
834 157 838 163 ’
1036 192 1080 258 23

53 355 258 415 arcanumque
282 339 366 398 nefas
390 346 420 398 et
443 336 539 398 adhuc
562 339 712 415 incognita
735 337 788 398 leti

46 444 124 486 sors
148 433 299 507 superest,
323 426 389 486 date
413 425 509 486 fallaci
531 424 705 504 pudibunda
729 433 866 486 senectae
1024 440 1078 490 805
1129 484 1132 489 .

54 517 146 575 exitia
168 516 386 592 indecoresque
410 512 517 574 obitus.
564 531 624 573 non
647 512 740 574 Marte
764 531 820 574 nec
844 517 929 575 annis

54 611 107 662 aut
131 604 192 663 nati
214 603 325 681 praedo
348 603 397 662 ille
421 604 480 663 mei
503 601 641 680 dignatus
664 610 699 663 ut
721 603 863 682 umquam

58 709 131 750 ense
156 691 252 771 cadat3
277 693 349 770 quin
373 691 430 750 fida
453 706 572 771 manus,
595 692 669 769 quin
692 708 765 751 cura
783 708 916 752 suorum.

56 778 177 858 diripiat
200 780 370 859 laceretque
394 797 497 840 senem
520 797 576 839 nec
600 777 732 840 membra
756 778 915 858 sepulchro

55 874 202 946 contegat.
248 868 321 928 haec
344 875 447 929 noster
470 867 506 927 de
530 884 600 946 rege
623 867 739 947 piacula
762 868 882 947 sangnis
1023 880 1078 931 810

56 964 155 1015 sumat
178 963 207 1016 et
229 956 288 1016 heu
312 959 430 1017 iunctae
454 974 527 1035 quas
550 957 631 1016 misit
653 958 685 1016 in
708 974 837 1034 aequora
861 950 986 1035 gentes?

55 1046 252 1121 tergeminam
275 1053 339 1105 tum
361 1044 457 1124 placat
480 1062 561 1104 eram
586 1044 761 1124 Stygiasque
785 1063 926 1124 supremo

58 1130 196 1192 obsecrat
217 1135 285 1211 igne
309 1133 413 1194 domos
436 1136 495 1193 iam
517 1135 576 1192 iam
599 1131 748 1192 exorabile
772 1132 892 1194 Auerno

57 1238 178 1279 carmen
193 1239 295 1300 agens3
319 1223 512 1301 nequeenim
535 1228 603 1281 ante
627 1221 711 1281 leues
730 1223 815 1299 niger
833 1222 934 1283 auehit
952 1220 1078 1283 umbras

56 1310 186 1387 portitor
210 1318 239 1369 et
262 1312 380 1370 uinctae
403 1311 508 1388 primis
531 1317 611 1369 stant
634 1306 769 1370 saucibus
793 1307 872 1370 Orci.
1020 1320 1073 1371 815

57 1395 171 1457 adstitit
195 1406 224 1457 et
247 1400 333 1477 nigro
357 1398 501 1458 fumantia
524 1397 630 1476 pocula
648 1397 717 1458 tabo

57 1487 183 1563 contigit
205 1487 269 1564 ipsa
292 1488 377 1564 graui
399 1485 558 1545 Furiarum
581 1487 706 1545 maxima
726 1485 847 1564 dextra3

56 1572 100 1632 illi
123 1573 208 1633 auide
232 1584 390 1654 exceptum
413 1576 524 1653 pateris
547 1573 674 1634 hausere
699 1589 847 1661 cruorem.

31 1736 33 1740 ι
146 1661 194 1721 Fit
217 1662 329 1742 fragor3
352 1665 529 1741 inrumpunt
551 1660 666 1721 foribus
690 1663 741 1740 qui
765 1678 854 1721 saeua
876 1658 1014 1721 ferebant

57 1749 181 1827 imperia
205 1757 235 1810 et
258 1753 378 1811 strictos
401 1753 491 1811 iussis
515 1749 664 1828 regalibus
689 1767 784 1809 enses,
1021 1759 1076 1809 820

57 1838 89 1895 in
112 1837 208 1897 media
230 1841 289 1900 iam
311 1847 408 1900 morte
432 1857 519 1898 senes
543 1839 725 1916 suffectaque
749 1836 809 1896 loto
1165 1830 1168 1837 ’

57 1923 169 1985 lomina
192 1934 222 1987 et
245 1927 370 1988 undanti
392 1934 583 1987 reuomentes
606 1934 691 2005 peste
716 1941 855 1986 cruorem

57 2016 258 2095 conspiciunt3
281 2019 437 2095 primoque
461 2014 568 2075 rudem
591 2013 647 2075 suh
670 2013 771 2074 limine
794 2030 897 2072 rerum

57 2109 102 2182 te,
124 2121 213 2183 puer,
237 2112 266 2163 et
289 2106 354 2164 uisa
376 2104 537 2183 pallentem
558 2111 656 2163 morte
679 2109 838 2181 parentum
1016 2148 1022 2160 .

58 2188 210 2268 deripiunt
233 2191 403 2272 adduntque
426 2194 495 2253 tuis.
540 2191 646 2270 procul
669 2190 787 2250 horruit
809 2188 907 2248 Aeson
1020 2197 1078 2249 825

57 2277 205 2338 excedens
227 2298 450 2359 memoremque
473 2279 541 2341 tulit
564 2278 619 2341 sub
643 2277 772 2339 nuhihus
795 2275 940 2338 umbram.

148 2364 273 2427 Cardine
294 2368 353 2429 suh
376 2377 479 2429 nostro
503 2366 653 2447 rebusque
677 2366 792 2427 ahscisa
814 2365 953 2445 supernis

58 2453 193 2514 Tartarei
217 2456 302 2516 sedet
324 2458 390 2517 aula
412 2459 519 2538 patris,
543 2474 603 2516 non
627 2455 675 2515 illa
693 2456 794 2515 ruenti

58 2559 214 2603 accessura
237 2544 319 2626 polo,
342 2547 453 2606 uictam
476 2547 502 2605 si
524 2545 648 2606 uoluere
672 2543 781 2604 molem

403 2631 580 2711 *ἧς*

57 2719 171 2794 ingenti
194 2721 271 2780 iacet
294 2740 345 2781 ore
370 2721 478 2802 Chaos,
503 2723 581 2800 qnod
604 2720 737 2800 pondere
761 2719 870 2780 fessam

57 2808 213 2869 materiem
235 2809 409 2889 lapsumque
433 2819 523 2888 queat
546 2826 723 2871 consumere
747 2807 900 2868 mundum.

57 2892 106 2952 hic
130 2898 263 2973 geminae
288 2917 412 2958 numero
435 2905 552 2979 portae,
577 2915 704 2976 quarum
727 2895 820 2956 altera
843 2894 920 2954 dura

58 2999 176 3061 semper
199 2985 263 3063 lege
286 2995 392 3065 patens
414 2986 540 3067 populos
563 3002 709 3063 regesque
732 2988 878 3060 receptat3
937 3016 940 3021 Α

58 3078 103 3128 ast
127 3069 213 3133 aliam
235 3081 381 3153 temptare
404 3075 487 3136 nefas
511 3081 542 3134 et
564 3073 687 3132 tendere
711 3078 828 3130 contra:

59 3174 126 3216 rara
149 3168 178 3219 et
202 3170 307 3240 sponte
330 3171 424 3244 patet,
448 3161 593 3241 siquando
615 3166 737 3240 pectore
762 3157 870 3217 ductor

58 3245 184 3307 uulnera
207 3258 277 3311 nota
299 3270 420 3332 gerens,
443 3250 534 3330 galeis
556 3249 686 3328 praefixa
709 3248 843 3323 rotisque

57 3337 107 3393 eui
130 3335 236 3398 domus
260 3349 311 3399 aut
333 3339 465 3400 studium
488 3337 628 3398 mortales
651 3335 762 3416 pellere
787 3350 884 3412 curas,

57 3421 138 3481 culta
160 3425 247 3506 fides,
270 3427 357 3506 longe
380 3436 479 3487 metus
503 3427 597 3505 adque
620 3427 722 3503 ignota
745 3420 866 3500 cupido;

56 3525 112 3568 sen
135 3515 219 3573 uenit
240 3516 272 3574 in
296 3517 380 3576 uittis
403 3523 543 3593 castaque
565 3516 597 3574 in
620 3520 705 3573 ueste
729 3508 878 3572 sacerdos.
