2362 3938
128 178 171 243 62
401 241 405 250 .
559 174 670 229 aissa
687 173 709 230 1.

127 342 268 406 clamare
287 339 410 402 iussere
430 341 527 422 atque
542 337 727 401 Alexandro
747 337 861 421 dicere,
879 337 928 400 uti
947 339 1004 399 aut
1020 337 1147 401 veniret

128 428 168 492 ad
196 428 358 512 proelium
383 431 440 492 aut
463 427 502 490 de
523 426 693 489 moenibus
717 429 750 488 et
774 425 941 489 obsidione
961 425 1146 490 discederet.

128 515 190 582 Sed
222 516 262 581 ad
291 517 371 582 haec
399 515 507 580 ridens
536 512 734 598 Alexander,
764 512 808 578 ‘0
838 536 896 578 vos
924 513 1146 598 fortissimos,'

128 606 189 690 ait,
219 605 291 690 ‘qni
322 627 393 670 cum
423 605 486 688 ipsi
515 603 695 668 custodiam
727 602 828 666 vestri
858 623 1025 666 murorum
1058 604 1146 668 vallo

95 713 108 754 o
130 696 284 778 teneatis,
311 695 406 759 nobis
429 694 601 775 praecepta
629 690 774 755 bellandi
797 690 992 775 praebetisl'
1040 690 1148 776 igitur

131 783 309 870 gerendum
332 782 384 847 his
407 782 453 845 ait
476 801 599 844 morem
623 779 920 863 proeliaturumque
941 780 1147 863 seminatur,

130 895 196 940 non
220 894 258 936 ea
281 875 391 935 tamen
415 868 576 952 opinione,
600 890 664 952 qua
683 889 754 932 oum
773 867 914 932 fortibus
935 869 1146 952 disceptaret3

131 962 215 1026 enirn
230 959 380 1044 protinus
398 957 489 1021 iubet
508 956 596 1020 mille
612 957 741 1040 quidem
756 957 881 1039 equites
898 957 1146 1022 circumvallare
1169 993 1177 1014 ι

131 1071 195 1134 eos,
219 1048 274 1132 qui
298 1047 331 1110 in
354 1067 446 1109 muro
471 1045 701 1128 constiterant,
723 1045 850 1130 pedites
874 1066 951 1110 vero
978 1048 1145 1110 securibus

89 1157 115 1196 ιο
129 1137 339 1219 vectibusque
364 1133 496 1219 adgredi
520 1135 662 1198 claustra
682 1137 851 1217 portarum
875 1155 912 1198 ao
930 1133 1146 1200 fundamenta

129 1225 284 1289 subruere
307 1244 483 1287 murorum.
528 1221 604 1288 Non
633 1221 718 1286 enim
742 1222 873 1286 difficile
903 1244 973 1287 esse
1002 1223 1034 1286 id
1060 1224 1145 1288 aedi-

127 1313 235 1377 ficium
256 1311 357 1376 armis
377 1311 531 1394 excidere,
555 1310 640 1394 quod
665 1333 723 1394 per
742 1312 832 1394 lyrae
852 1315 966 1375 cantus
991 1317 1023 1375 et
1047 1314 1145 1377 musi-

128 1423 199 1466 cam
222 1399 435 1465 tumultuario
461 1399 679 1483 convenisset,
704 1402 736 1462 et
760 1400 873 1464 statim
896 1401 973 1464 inici
997 1401 1144 1465 flammas

130 1491 310 1572 arietesque
329 1488 480 1554 admoliri
499 1488 598 1571 iubet,
619 1509 756 1571 quorum
776 1488 890 1553 crebro
911 1493 943 1552 et
961 1490 1144 1554 vehementi

89 1598 115 1640 rs
130 1579 302 1644 admodum
330 1577 426 1661 pulsu
452 1599 519 1642 non
548 1576 679 1641 difficile
706 1598 766 1641 neo
794 1577 849 1642 diu
878 1599 971 1641 casus
1000 1581 1144 1642 omnium

129 1673 179 1732 est
206 1669 361 1732 moratus.
407 1665 483 1749 Ipse
506 1687 582 1731 vero
598 1679 685 1730 'cum
710 1665 829 1747 [mille]
852 1665 1073 1731 funditoribus
1097 1671 1143 1731 to·

128 1756 231 1819 tidem
255 1755 344 1820 obire
369 1754 554 1839 discursim,
581 1755 660 1819 adeo
690 1759 727 1818 ut
751 1756 839 1820 omni
862 1755 1002 1820 telorum
1026 1777 1144 1839 genere

127 1843 288 1929 fatigatos
312 1848 369 1907 aut
392 1848 636 1927 prosternerent
654 1843 829 1909 Thebanos
854 1848 910 1908 aut
928 1845 1145 1909 vulnerarent.

129 1933 238 2017 Atque
261 1933 309 1997 ita
332 1933 429 1997 tertio
453 1933 520 1997 fere
545 1933 596 1997 die
621 1934 783 2016 conlapsis
807 1933 965 2014 omnibus,
985 1955 1067 2016 quae
1093 1934 1145 1998 ob·

90 2020 275 2104 astabant,
298 2020 464 2087 invehitur
483 2022 671 2087 ‘Alexander
696 2021 824 2085 Thebas
848 2043 982 2103 eamque
1006 2022 1145 2107 diripere

21 2177 27 2189 ,
130 2107 379 2194 exscindereque
409 2111 545 2176 festinat
573 2114 625 2174 tot
653 2110 775 2174 scilicet
804 2109 941 2173 saeculis
970 2113 1002 2172 et
1031 2108 1147 2173 Cadmi

129 2201 374 2282 ceterorumque
398 2199 543 2283 imperiis
566 2197 721 2261 nobilem.

218 2284 277 2351 52.
312 2288 363 2351 Ad
379 2309 476 2370 quam
491 2287 657 2351 fortunam
672 2284 787 2349 ceteris
800 2283 1143 2365 praestupesoentibus
1168 2321 1176 2344 0

128 2396 207 2458 prae
230 2374 263 2439 vi
286 2376 446 2440 malorum
470 2375 527 2438 uni
550 2373 721 2437 tibicinum
745 2370 830 2436 forte
859 2370 1029 2434 consilium
1054 2373 1143 2436 subit

88 2480 114 2520 π
128 2466 241 2547 aptare
256 2463 356 2528 tibias
370 2467 403 2526 et
416 2463 528 2546 melon,
547 2483 644 2545 quam
659 2463 771 2543 posset
784 2458 908 2541 fabrile,
927 2481 1040 2523 canere
1055 2462 1143 2546 regis

129 2551 266 2634 pedibus
298 2551 518 2634 provolutum.
571 2548 663 2625 Quod
696 2570 768 2613 cum
802 2548 986 2614 Alexander
1019 2549 1144 2614 videret

129 2643 223 2704 acuto
255 2644 288 2704 et
318 2640 471 2724 religioso
502 2638 637 2704 consilio
666 2636 779 2702 efficax
808 2639 947 2705 multum
977 2643 1074 2723 atque
1103 2641 1143 2704 ad

128 2725 321 2793 movendam
359 2729 410 2794 sui
447 2726 706 2792 misericordiam
738 2749 808 2792 esse
847 2729 1028 2813 provisum,
1066 2733 1144 2793 tunc

130 2816 284 2881 auloedus
308 2817 364 2882 ille
387 2817 536 2881 manibus
561 2816 714 2880 extensis:

203 3049 234 3098 v2
253 3041 415 3097 subsidione
430 3041 498 3098 M.
519 3039 664 3096 obsidione
681 3042 715 3098 P.
753 3050 768 3096 3
788 3042 955 3098 fortissimos
969 3042 1044 3096 ΑΡ.
1069 3043 1102 3094 in
1115 3042 1143 3095 A

128 3130 262 3186 superum
280 3116 327 3170 vel
346 3112 525 3168 stultissimos
543 3111 668 3166 dixerim.
729 3119 746 3166 4
765 3113 806 3167 ait
822 3115 855 3167 P.
880 3115 911 3166 at
925 3114 959 3166 A.
1017 3118 1031 3166 7
1052 3111 1140 3166 disce-

148 3187 230 3242 taret.
258 3186 340 3240 Enim
360 3185 461 3254 Kluqc.
495 3182 660 3251 disceptare.
688 3181 801 3236 Etenim
819 3184 894 3238 ΑΡ.
965 3187 996 3234 11
1017 3182 1045 3234 id
1065 3182 1142 3235 aedi-

128 3205 224 3312 icium
242 3258 274 3312 P.
303 3257 339 3311 ad
359 3254 441 3310 aedif.
461 3255 497 3308 A.
554 3260 587 3308 lo
606 3270 661 3308 non
680 3253 794 3307 difficile
814 3253 907 3324 <muri
927 3251 1142 3324 succutiuntur>

128 3327 230 3384 abab.
269 3333 301 3382 16
316 3325 394 3380 mille
408 3325 568 3382 detEberb.
606 3330 638 3379 21
656 3322 911 3390 exscinderequeA.
932 3324 961 3376 et
975 3323 1100 3377 scindere
1108 3324 1139 3378 P.

218 3399 267 3454 52.
296 3404 330 3453 25
348 3396 491 3452 febrileA.
509 3394 603 3450 flebile
615 3397 689 3450 Mai.
726 3401 760 3449 26
779 3395 945 3463 provolutus
955 3395 990 3447 A.
1028 3398 1062 3447 28
1078 3401 1142 3462 post

127 3469 273 3538 provisum
297 3469 398 3525 Eterb.
425 3468 522 3523 inserit
546 3465 682 3537 permisit.
759 3470 792 3519 29
813 3465 947 3519 auloedus
970 3463 1042 3518 Mai.
1076 3464 1140 3519 aulo

129 3540 188 3594 eins
207 3539 235 3594 A
251 3541 284 3596 P.
