2362 3938
129 190 173 255 64
559 187 669 243 LIBER
686 188 706 243 1.

129 352 208 437 quit,
234 350 270 415 ‘o
294 354 341 434 tu,
365 353 421 435 qui
440 352 558 417 civium
582 354 712 417 tuorum
731 350 912 416 infortunio
932 351 1143 436 subfragaris,

129 440 296 506 consultor
318 443 428 524 potius
453 441 569 505 fuisses
597 441 633 504 in
656 440 771 504 melius
800 443 831 504 et
858 439 925 504 illio
953 443 1043 503 tuam
1067 463 1142 523 pru·

129 528 272 593 dentiam
304 529 519 610 exercuisses,
551 529 607 594 ubi
636 529 786 594 cautione
817 550 897 611 opus
929 527 1044 611 fuerit,
1077 551 1143 594 non

129 617 314 682 huiusmodi
351 617 583 700 experimento!
645 615 750 692 Quare
788 638 893 701 neque
929 617 1020 681 tibiis
1058 618 1144 682 vinci

97 710 245 792 spectus
268 706 420 771 martium
448 708 559 788 potest
585 726 645 769 nec
674 706 869 770 contumelia
895 704 1046 769 militaris
1074 711 1142 770 tam

131 796 270 862 artificio
299 817 396 878 quam
424 793 660 877 supplicatione
690 792 838 876 sopitur?
888 793 933 858 Et
960 799 1035 877 post
1064 795 1144 859 haec

130 884 244 968 peragi
259 905 354 949 omne
369 882 527 947 excidium
542 882 641 947 iubet.
673 880 734 947 Sed
749 882 906 961 Thebani,
925 883 1071 968 quicum·
1108 889 1178 944 XLV

133 995 194 1057 que
208 972 305 1057 fugae
320 975 433 1037 contra
448 971 624 1036 eversionis
639 992 716 1035 suae
730 971 889 1055 impetum
905 973 1144 1056 consuluerant,

131 1062 187 1125 ubi
222 1064 350 1144 tempus
384 1059 463 1143 fuit,
498 1060 689 1145 congregati
724 1061 923 1124 sciscitatum
956 1060 1142 1143 Apollinem

92 1173 117 1211 ro
131 1150 283 1231 mittunt,
316 1148 428 1231 ecquid
462 1148 524 1212 sibi
556 1149 776 1232 redintegrare
809 1149 923 1213 urbem
953 1147 1142 1215 Thebanam

129 1237 198 1301 fata
228 1235 463 1319 permitterent.
509 1237 560 1300 Ad
589 1236 670 1302 haec
697 1237 798 1321 igitur
826 1237 1013 1302 huiusmodi
1043 1240 1142 1323 Apol-

129 1325 205 1389 linis
230 1332 279 1388 est
301 1346 509 1410 responsum:

273 1445 437 1514 Maiugena,
455 1444 583 1512 Alcides,
602 1449 632 1500 et
649 1447 750 1501 Pollux
769 1446 892 1501 cestibus
911 1449 1010 1501 auctor

271 1515 340 1569 Arte
360 1532 410 1570 sua
429 1515 533 1571 Thebis
551 1516 673 1571 reditum
693 1519 854 1587 cultumque
873 1517 981 1572 dedere.

91 1649 117 1689 rs
131 1626 201 1691 Hac
230 1630 316 1690 sorte
344 1625 420 1690 data
449 1625 700 1710 opperiebantur
728 1626 889 1711 Thebani,
917 1627 945 1691 si
973 1628 1051 1711 quid
1079 1630 1143 1693 tale

130 1715 323 1799 proveniret.

219 1799 278 1868 54.
313 1802 498 1877 Alexander
525 1825 601 1869 vero
634 1826 707 1868 cum
736 1802 929 1870 Corinthum
961 1804 1143 1870 devenisset

131 1913 265 1974 eamque
298 1892 538 1976 occupavisset,
574 1893 659 1957 forte
697 1894 859 1959 acciderat
891 1895 1046 1958 sollemne
1079 1917 1144 1960 eer-

131 1985 240 2045 tamen
269 1979 454 2065 gymnicum
483 1981 569 2065 apud
598 1982 673 2045 illos
702 1982 837 2066 agitari3
867 1983 951 2046 unde
980 1980 1146 2047 Corinthii

91 2091 117 2130 ao
131 2089 271 2152 quoque,
299 2068 348 2131 uti
376 2067 505 2132 adesset
532 2074 630 2152 atque
662 2069 711 2133 illi
739 2070 910 2134 certamini
937 2071 1146 2154 praesideret,

130 2176 327 2241 magnopere
356 2158 566 2221 contendunt.
616 2156 743 2220 Adnuit
772 2157 873 2239 igitur
901 2178 973 2239 rex3
1007 2179 1145 2241 cumque

129 2244 286 2328 plurimos
323 2266 382 2327 pro
422 2246 540 2309 merito
579 2245 706 2308 coronis
750 2243 907 2325 donisque
948 2243 1144 2327 largissimis

130 2335 366 2415 muneraretur,
389 2331 562 2396 Thebanus
591 2331 736 2414 quidam,
765 2330 816 2410 cui
841 2327 1062 2396 Clitomachus
1085 2355 1145 2400 no-

130 2442 203 2486 men
236 2424 336 2498 esset,
369 2422 533 2483 certamen
569 2419 675 2483 luctae
710 2418 883 2500 profitetur
922 2418 1071 2503 idemque
1105 2423 1144 2487 de

89 2530 116 2572 as
130 2509 270 2575 cestibus
289 2527 431 2592 pugnam
456 2511 553 2590 atque
576 2506 751 2570 identidem
769 2507 980 2591 pugillatum3
1004 2509 1144 2595 denique

129 2598 195 2662 tria
224 2598 290 2661 ista
318 2594 496 2660 certamina
523 2595 609 2658 idem
639 2594 811 2676 profitetur
841 2601 874 2659 et
905 2599 1002 2662 subit.
1052 2599 1142 2684 Ergo

130 2707 202 2751 cum
228 2685 369 2769 primum
396 2682 548 2747 luctando
583 2682 769 2746 adversario
802 2687 1023 2767 praestitisset
1055 2710 1144 2754 coro-

129 2795 269 2858 namque
292 2772 413 2837 laboris
433 2771 603 2854 exegisset,
625 2770 717 2835 iubet
734 2771 921 2837 Alexander
939 2778 1046 2839 cetera
1066 2798 1143 2858 quo-

130 2883 191 2947 que
215 2861 350 2925 eundem
373 2860 461 2943 prius
486 2858 626 2941 exsequi,
649 2879 732 2942 quae
756 2862 973 2944 promisisset,
998 2884 1142 2945 quaeque

90 2972 116 3012 so
131 2951 159 3016 si
177 2951 249 3034 pari
268 2950 399 3013 fortuna
418 2947 589 3028 obtineret,
607 2945 690 3009 nihil
710 2947 855 3010 omnium
874 2949 952 3030 fore,
973 2950 1057 3031 quod
1079 2953 1142 3016 sibi

129 3038 253 3122 petenti
270 3060 326 3102 rex
346 3040 488 3120 negaret.
527 3034 632 3119 Igitur
653 3055 730 3106 usus
748 3034 941 3099 fortitudine
959 3041 1056 3119 atque
1076 3039 1141 3103 for-

130 3130 212 3193 tuna
239 3148 311 3190 cum
341 3124 483 3190 cestibus
506 3122 614 3207 potior
642 3126 675 3186 et
701 3122 864 3205 pugillatu
892 3124 1020 3187 felicior
1047 3126 1141 3206 foret,

218 3270 234 3319 5
253 3263 383 3318 militaris
404 3261 552 3326 artificium
571 3275 657 3328 qpam
675 3257 881 3328 supplicatione
902 3261 934 3315 P.
1021 3267 1036 3315 7
1058 3280 1139 3319 omne

129 3352 179 3391 om.
198 3336 233 3391 A.
271 3341 287 3390 8
306 3334 374 3402 fuga
393 3330 624 3388 controversionis
642 3329 675 3382 P.

218 3405 266 3461 54.
301 3412 334 3459 19
353 3405 428 3474 apud
446 3401 523 3458 ohias
540 3414 672 3470 superam.
692 3398 738 3453 vel
756 3396 820 3452 illos
834 3399 871 3452 A.
901 3400 977 3467 apud
995 3402 1091 3469 pthias
1106 3407 1139 3460 P.

129 3483 163 3533 28
184 3475 309 3547 exegerit
326 3483 353 3530 Τ,
408 3480 442 3529 29
461 3489 603 3542 quaequae
621 3469 656 3524 A.
686 3485 756 3538 quae
775 3469 876 3523 Etert.
927 3475 960 3522 32
981 3481 1141 3530 sumerset

129 3548 249 3603 cestibus
268 3547 303 3605 A.
336 3563 398 3600 oum
418 3544 567 3600 celestibus
586 3540 679 3612 potior
696 3542 729 3594 ut
745 3540 877 3608 pugilatu
897 3540 930 3592 P.
