2362 3938
330 178 447 233 PRIMA
464 178 667 234 RESPONSIO
687 179 843 235 DINDIMI.
1032 181 1095 246 173

77 341 242 405 mendicat
269 341 302 404 in
332 362 427 404 usum
456 340 656 406 libidinandi.
702 341 839 418 Turrita
862 342 1005 407 culmina
1028 366 1096 408 non

76 431 223 494 levamus
247 450 306 494 nec
331 452 427 493 auras
450 430 597 493 salubres
625 434 695 494 arte
719 430 859 513 quadam
887 431 1095 516 decoquimus

78 540 138 582 nec
157 518 283 602 gelidos
305 539 460 602 aquarum
484 540 596 582 cursus
615 518 755 583 ferventi
774 519 916 583 statione
935 521 1094 584 concludi-

79 629 162 670 mus.
201 604 267 670 Our
291 610 400 670 autem
424 628 484 671 nos
507 607 638 672 lavacra
659 629 843 690 poscamus,
867 629 1002 692 quorum
1027 622 1099 673 cor-'

78 718 139 778 pus
163 694 340 758 immundis
364 696 567 759 contactibus
594 717 660 759 non
684 695 863 760 sordescit?
910 694 984 761 Sole
1012 698 1121 760 calc-e

79 785 210 862 scimus,
229 804 303 848 rore
321 783 556 867 humectamur,
576 783 664 847 sitim
683 785 752 849 rivo
771 783 962 868 frangimus,
986 787 1095 849 torum
1119 821 1124 827 ·

79 871 247 936 ministrat
278 872 413 956 humus,
451 893 601 936 somnum
639 873 824 938 sollicitudo
861 893 927 937 non
963 873 1095 957 rumpit,

78 965 222 1024 mentem
242 959 404 1042 ¹cogitatio
428 982 492 1024 non
518 960 646 1044 fatigat.
691 960 729 1024 In
752 960 901 1025 homines
924 961 1031 1026 nostri
1054 963 1095 1026 si·

79 1049 174 1113 miles
198 1049 340 1132 superba
367 1069 433 1113 non
460 1049 622 1134 agitamus
650 1049 786 1132 imperia
812 1071 873 1114 nec
901 1072 1095 1134 quemquam

78 1139 132 1202 vel
161 1138 296 1201 minima
325 1141 479 1201 servitute
508 1138 666 1222 exigimus
695 1143 822 1223 praeter
851 1160 981 1224 corpus,
1009 1139 1094 1222 quod
1109 1162 1127 1200 ιι

78 1227 187 1289 solum
220 1227 328 1290 animo
366 1225 519 1290 famulari
555 1226 671 1291 debere
707 1249 885 1291 censemus.
939 1228 1094 1311 Alioquin

79 1314 217 1378 saevitia
240 1315 348 1378 estin
371 1314 563 1398 obsequium
585 1335 714 1398 cogere,
742 1337 823 1400 quos
850 1316 946 1381 nobis
976 1317 1092 1381 fratres

79 1403 192 1467 eadem
215 1408 334 1467 natura
356 1403 531 1488 progenuit
560 1406 592 1466 et
620 1403 737 1487 quibus
762 1404 802 1468 ab
826 1426 891 1469 uno
916 1405 976 1468 deo
1000 1407 1092 1487 patre

79 1491 301 1556 communium
337 1492 495 1556 bonorum
533 1493 709 1574 spondetur
741 1492 913 1556 hereditas.
968 1491 1008 1555 In
1044 1513 1096 1555 ex-

79 1581 243 1644 struendis
263 1580 411 1644 domibus
430 1581 507 1666 igne
527 1602 605 1644 saxa
627 1602 694 1644 non
718 1580 873 1645 solvimus
897 1601 956 1644 nec
979 1580 1093 1644 limum
1108 1603 1127 1642 ιι

77 1691 191 1733 rursus
224 1668 259 1732 in
296 1669 421 1751 lapides
459 1669 629 1736 subactum
661 1667 847 1733 fornacibus
880 1668 1095 1733 reformamus

77 1779 137 1821 nec
152 1756 353 1821 admixtione
367 1758 520 1821 velificati
534 1757 677 1840 pulveris
693 1760 861 1820 caementa
875 1756 1006 1821 duriora
1020 1777 1094 1821 con-

77 1846 219 1927 ficimus,
249 1845 463 1910 fundamenta
485 1868 550 1910 non
574 1846 709 1910 iacimus
738 1846 770 1908 in
793 1845 954 1930 profimdo
978 1866 1037 1909 nec
1060 1846 1093 1910 ιι

77 1938 192 1998 nostra
206 1940 299 1999 vetus
320 1935 432 1998 oceani
445 1935 608 2018 possessio
627 1934 807 2017 mutilatur,
828 1938 865 1998 ut
883 1933 930 1998 ibi
945 1932 1093 1998 cubicula

77 2023 175 2087 nobis
200 2023 267 2086 sint
291 2024 415 2106 aprica,
438 2023 494 2087 ubi
517 2023 624 2087 fuerat
646 2022 810 2106 quondam
832 2022 1014 2105 procellosa
1036 2043 1092 2086 na·
1106 2044 1127 2085 er

78 2111 214 2195 vigati0,
238 2111 313 2174 dum
337 2114 497 2175 terrerum
521 2111 657 2175 dilatare
681 2110 918 2196 quodammodo
941 2111 1094 2176 molimur

80 2200 272 2284 angustiora
302 2203 334 2263 et
364 2200 502 2264 defectui
532 2200 685 2266 creatoris
715 2201 803 2264 velut
833 2199 992 2283 quaedam
1022 2222 1094 2284 sup-

77 2290 245 2370 plementa
265 2289 467 2370 praebemus.
506 2288 591 2364 Quin
614 2289 723 2372 potius
746 2291 778 2353 in
803 2288 942 2354 defossis
966 2288 1093 2353 telluris

78 2377 242 2459 speluncis
266 2381 323 2440 aut
341 2378 490 2441 concavis
515 2378 675 2442 montium
698 2377 832 2442 latebris
852 2379 1013 2462 capaciter
1035 2377 1094 2441 ha-

79 2467 233 2530 bitamus.
279 2464 398 2530 Nullos
421 2466 468 2529 ibi
490 2470 663 2530 ventorum
685 2465 845 2544 fremitus,
867 2466 989 2531 nullius
1012 2469 1093 2531 tem·
1108 2489 1127 2530 aa

79 2555 217 2636 pestatis
241 2555 387 2618 turbines
407 2554 630 2619 formidamus.
668 2553 783 2620 Tutius
807 2577 867 2620 nos
887 2555 1030 2620 defendit
1053 2555 1094 2620 ab

171 2833 374 2887 llibidinandi
399 2834 435 2887 B.
465 2833 613 2888 laborandi
640 2836 673 2888 P.
705 2833 821 2889 lavandi
845 2834 880 2888 L.
917 2833 1033 2889 labandi
1057 2835 1094 2890 R.

80 2903 178 2959 livoris
204 2904 235 2958 V.
314 2911 430 2958 acures
448 2904 482 2959 L
517 2905 655 2972 quaedam
673 2904 709 2960 L.
787 2904 998 2959 tcontactibus
1019 2905 1093 2959 P.B.

80 2975 271 3029 contractibus
297 2974 334 3027 L
372 2975 610 3030 contractionibus
641 2974 714 3030 VR.
821 2981 837 3028 9
864 2975 994 3043 superbia
1019 2975 1052 3028 L.
1058 2975 1094 3028 R.

80 3047 221 3114 agitamur
247 3045 282 3098 L.
311 3045 447 3126 imperia
471 3046 544 3101 PB.
589 3044 737 3114 imperium
763 3045 798 3099 L
806 3044 878 3098 V..R
955 3050 988 3097 10
1014 3045 1095 3097 mini·

79 3134 123 3169 me
150 3116 186 3169 L
224 3117 254 3169 in
280 3115 425 3170 minimam
451 3116 615 3171 servitutem
633 3115 668 3170 R.
706 3114 854 3184 exigimus]
881 3113 1033 3182 affligimus
1058 3114 1094 3168 B.

81 3193 113 3241 15
132 3186 273 3257 limum]
266 3205 353 3240 rmum
372 3187 408 3241 L
487 3194 519 3241 16
539 3185 662 3256 lapidem
682 3186 799 3240 subacta
817 3185 930 3239 fornace
950 3185 981 3240 V.
1009 3183 1094 3238 refor

79 3275 188 3311 mamus
207 3275 259 3312 om
278 3258 311 3312 L.
378 3263 411 3311 18
431 3275 482 3312 nec
500 3259 529 3312 ιι
546 3262 609 3311 nost
597 3255 842 3311 tra-mutilatur
860 3255 895 3309 R.
927 3271 963 3309 ne
982 3255 1027 3309 cui
1045 3270 1094 3308 no-

80 3332 218 3382 s-trum
234 3330 379 3383 mutiletur
398 3335 444 3384 cet.
467 3331 601 3394 (vestrum
620 3327 674 3397 L).
759 3333 791 3380 19
809 3331 841 3380 ut
829 3326 900 3380 tibi
918 3325 1017 3381 Scblcc.
1045 3325 1095 3379 ubi

78 3398 113 3452 L.
122 3402 156 3453 P.
186 3400 267 3454 utR.
296 3400 336 3452 ibi
350 3400 385 3453 B.
405 3417 455 3454 om.
472 3399 503 3453 V.
545 3406 580 3453 20
599 3399 642 3452 sin
644 3399 706 3454 ta
726 3413 775 3452 om.
791 3403 838 3452 cet.
866 3397 971 3469 fuerat]
991 3396 1045 3450 fuit·
1063 3395 1087 3440 Ρ

77 3472 224 3538 navigatio
245 3488 294 3525 om.
306 3472 340 3524 L.
350 3471 382 3524 P.
421 3476 454 3524 21
474 3469 689 3524 molimurL.R.
709 3467 911 3524 moliminacet
948 3474 1014 3524 261

77 3544 282 3610 tempestatum
307 3543 341 3596 B.
414 3547 449 3596 26
468 3539 556 3595 totius
574 3540 608 3594 L.
