2376 3938
346 109 639 168 andonaurlcou
657 112 766 169 LIBER
783 115 818 170 V.
1045 116 1090 181 89
1174 135 1177 141 “

17 264 20 269 ’
70 261 205 321 carmina
228 260 300 337 quin
323 261 413 319 etiam
434 261 517 319 uisos
539 259 684 338 placantia
706 278 808 321 manes

72 347 218 427 Odrysius
235 345 302 429 ‚drrx
325 349 383 407 rite
406 355 509 408 mouet
529 349 682 426 mixtoque
705 356 861 410 sonantem

71 439 205 516 percutit
228 453 280 495 ore
303 434 395 514 lyram
418 453 585 514 nomenque
609 436 751 516 relinquit
772 437 900 500 harenis.

118 524 225 584 Acrius
248 525 280 582 in
302 541 402 583 remos
424 523 514 583 rediit
535 526 621 605 ratis,
644 543 679 584 ac
700 525 777 604 fugit
798 544 886 587 omne

75 610 204 674 Crobiali
227 611 304 673 latus
328 618 358 670 et
381 611 448 672 latis
472 610 539 692 tihi,
562 611 670 692 Tiphy,
693 622 834 692 negatum

70 699 280 780 Parthenium,
304 707 373 759 ante
397 700 469 759 alios
492 699 612 760 Triuiae
635 703 687 778 qui
711 702 844 763 creditur
866 706 963 765 amnis

72 788 151 847 lidus
174 796 204 848 et
226 788 311 866 lnopi
334 795 468 847 materna
491 789 602 865 gratior
624 789 711 849 unda

70 894 142 936 mox
165 879 254 935 etiam
277 875 420 935 Cromnae
443 878 512 954 iuga
534 877 753 956 pallentemque
776 878 906 956 Cytoron

71 972 163 1042 teque
183 966 240 1024 cita
261 967 382 1041 penitus
404 963 548 1043 condunt,
570 964 706 1046 Erythia,
729 968 836 1026 carina

71 1054 190 1129 iamque
213 1051 375 1111 reducebat
396 1060 515 1112 noctem
537 1052 636 1131 polus:
659 1053 716 1113 alta
739 1053 889 1116 Carambis
946 1058 957 1075 ⁸

70 1139 188 1199 raditur
211 1147 241 1200 et
263 1156 386 1217 magnae
407 1141 510 1218 pelago
533 1143 635 1201 tremit
656 1141 762 1202 umbra
786 1142 919 1222 Sinopes.

70 1228 209 1306 Assyrios
232 1228 374 1306 conplexa
396 1229 480 1288 sinus
502 1236 562 1290 stat
584 1231 681 1308 opima
704 1229 823 1311 Sinope,

70 1314 199 1393 nympha
221 1318 305 1394 prius
328 1315 512 1393 blandosque
534 1316 615 1377 louis
636 1335 712 1396 quac
736 1319 849 1380 luserat
869 1322 954 1400 ignes

71 1402 220 1463 caelicolis
242 1405 363 1463 immota
385 1406 498 1481 procis:
521 1398 665 1483 de'oeptus
689 1414 800 1466 amatae

69 1490 175 1551 fraude
199 1491 270 1550 deae
294 1509 349 1551 neo
372 1491 453 1551 solus
475 1490 564 1570 Halys
587 1510 643 1552 nec
667 1493 748 1552 solus
770 1493 882 1572 Apollo.

116 1576 235 1639 Addidit
256 1579 305 1639 hio
329 1597 400 1639 casu
424 1582 547 1640 comites
570 1579 702 1640 Fortuna
725 1580 853 1658 benigno

68 1665 248 1744 Autolycum
269 1666 484 1746 Phlogiumque
508 1675 538 1728 et
560 1667 726 1749 Deileonta,
750 1676 870 1729 secutos

68 1754 207 1815 Herculis
231 1773 311 1814 arma
333 1757 429 1835 uiros3
452 1773 546 1834 uagus
569 1756 624 1816 hos
646 1757 688 1817 ibi
710 1757 815 1817 fixerat
837 1774 931 1817 error.

67 1850 105 1902 ut
127 1841 244 1902 Graiam
267 1842 370 1904 uidere
394 1861 514 1904 manum
536 1863 726 1922 puppemque
749 1844 909 1926 Pelasgam,

67 1932 165 2009 prima
186 1938 280 1991 ruunt
302 1931 416 1991 celeres
439 1931 475 1992 ad
497 1932 585 1992 litora
607 1950 699 2010 seque
722 1941 884 2011 precantur

67 2019 216 2097 accipiant
238 2021 343 2079 socios.
390 2036 468 2079 noua
490 2018 551 2080 dux
575 2021 716 2080 accedere
740 2020 849 2099 gaudet

68 2108 190 2166 nomina
212 2106 347 2168 desertos
370 2115 401 2168 et
423 2110 482 2167 iam
505 2107 561 2168 sihi
585 2126 707 2169 comere
730 2127 839 2169 remos.

67 2196 178 2254 transit
198 2194 287 2274 Halys
310 2195 464 2275 longisque
487 2196 584 2256 fluens
606 2195 799 2257 amfractibus
821 2196 878 2256 Iris
1029 2207 1083 2257 120

46 2287 217 2361 'saeuaque
241 2283 431 2344 Thermodon
454 2283 551 2344 medio
575 2285 635 2344 sale
658 2303 813 2345 murmura
835 2285 970 2365 uoluens,

68 2369 198 2430 Gradiuo
223 2389 307 2431 sacer
331 2379 361 2431 et
383 2371 486 2450 spoliis
509 2372 672 2433 ditissimus
695 2376 799 2454 amnis,

68 2457 160 2518 donat
182 2477 289 2541 equos,
312 2460 402 2521 donat
424 2469 511 2522 notas
534 2464 584 2521 oui
606 2464 692 2541 uirgo
715 2480 847 2544 sermea,

68 2563 138 2605 oum
160 2547 240 2607 redit
261 2550 376 2627 ingenti
398 2568 453 2628 per
476 2549 581 2629 Caspia
604 2549 733 2611 claustra
755 2549 918 2632 triumpho,

66 2632 252 2712 Massageten
274 2636 452 2715 Medumque
475 2637 605 2698 trahens.
651 2647 697 2698 est
719 2638 794 2699 dura
816 2655 956 2719 propago,
1029 2648 1082 2700 tta

68 2725 220 2800 sanguinis
244 2731 291 2782 est
314 2724 379 2782 ollis
402 2727 519 2801 genitor
542 2725 625 2785 deus.
671 2726 741 2785 hinc
764 2728 857 2803 magis
880 2724 938 2786 alta

67 2807 267 2869 Haemonidae
291 2817 393 2886 petere
417 2818 448 2870 et
469 2814 600 2871 monitus
623 2831 683 2872 non
707 2820 841 2872 temnere
863 2811 977 2872 Phinei.

66 2913 136 3042 aasz
155 2904 612 3063 narraturus
628 2898 913 3046 concurr

68 3066 216 3130 ‘Herculis
240 3088 320 3130 arma
343 3075 402 3132 mei
424 3079 599 3151 uestraeque
622 3076 654 3132 in
677 3072 763 3134 litore
786 3072 889 3133 Martis
1027 3083 1082 3133 tto

65 3160 181 3218 interea
204 3168 367 3220 memorate
390 3155 516 3221 manus?
563 3163 605 3221 sic
628 3162 707 3222 fatur
731 3169 770 3232 et,
784 3179 873 3240 aegro

67 3246 157 3306 corde
181 3247 272 3309 silens
296 3249 377 3310 audit
400 3267 507 3310 cursus
530 3247 661 3328 beHique
683 3248 802 3310 labores

65 3336 204 3418 uirginei,
228 3337 372 3399 exciderit
395 3338 487 3398 frenis
510 3356 585 3415 quae
607 3340 703 3417 prima
725 3340 868 3419 remissis,

67 3425 272 3487 semianimem
293 3430 409 3506 patrius
432 3443 522 3505 quam
544 3429 687 3506 sanguine
711 3429 829 3488 erexerit
851 3427 957 3506 amnis,
