2362 3938
414 215 532 272 Aenus
553 215 774 275 ALEXANDRI.
1036 217 1098 281 101

170 379 233 446 Sed
256 384 391 464 propter
419 379 482 445 hoc
510 378 715 463 sepulchrum
742 379 850 443 flebile
879 383 1100 464 spectaculum

78 469 265 535 Alexander
292 469 442 552 protinus
473 469 688 551 conspicatur.
733 468 839 533 Erant
867 468 952 533 enim
984 469 1100 536 Graeci

77 559 201 624 ibidem
221 557 413 640 complures,
438 578 520 641 quos
544 578 617 621 cum
635 557 735 621 variis
760 577 798 620 ex
824 557 928 621 causis
948 557 1100 623 diversis-

78 669 140 731 que
164 645 367 731 temporibus
391 645 582 729 captivitate
611 666 668 709 rex
696 646 753 710 aut
778 644 861 729 regii
884 646 1099 731 subegissent,

78 736 257 821 praesectis
271 733 405 799 naribus
425 734 622 817 auribusque
642 736 675 797 et
694 754 914 819 quaecumque
928 733 1123 799 hominuma

78 824 227 890 vultibus
247 822 407 887 decoriter
425 826 545 886 natura
563 821 716 906 providit,
735 821 919 906 suppliciali
938 825 1015 906 post
1033 843 1098 887 ser-

79 914 162 978 vitio
182 911 323 977 devincti
341 911 426 975 circa
448 911 531 977 baec
555 909 725 994 sepulchra
749 910 899 976 custodes
919 911 1099 995 agitabant.

80 1001 126 1066 Hi
153 1001 255 1085 igitur
283 1020 395 1064 omnes
422 999 480 1063 ubi
508 1000 624 1063 iuxtim
652 999 873 1064 Alexandrum
902 1020 997 1085 agere
1026 1022 1100 1066 sen-

82 1111 166 1171 sere,
193 1089 315 1172 pariter
343 1109 422 1153 voce
450 1091 483 1152 et
511 1088 634 1153 eiulatu
662 1109 739 1153 suae
767 1089 874 1173 gentis
905 1087 1099 1174 Graecisque

83 1176 379 1262 supplicationibus
410 1177 617 1241 obsecrantes
648 1177 833 1242 audientem
863 1176 996 1262 linguae
1027 1182 1099 1264 pro·
1114 1199 1140 1239 rc

82 1270 173 1351 prise
201 1265 343 1350 insignia
372 1264 469 1330 facile
498 1268 736 1349 permoverunt.
787 1264 895 1341 Quare
924 1266 1099 1350 productos

82 1377 156 1420 cum
184 1353 309 1419 videret
338 1353 418 1417 adeo
449 1351 603 1418 flebiliter
635 1355 805 1419 mutilatos
835 1358 932 1438 atque
961 1357 1100 1421 laniatos

84 1444 287 1526 fideliterque
321 1463 436 1507 causas
475 1447 508 1507 et
544 1443 645 1506 ritum
681 1441 847 1507 Persicum
884 1444 1101 1528 cognovisset,

84 1533 240 1597 misertus
265 1552 376 1595 eorum
396 1529 529 1595 dederat
547 1531 676 1614 quidem
695 1531 882 1596 volentibus
902 1531 1102 1616 facultatem,

84 1622 134 1685 uti
148 1620 269 1685 uiatico
284 1619 476 1702 sumptuati,
495 1620 523 1684 si
541 1621 672 1701 vellent,
695 1618 736 1683 ad
753 1619 896 1702 patriam
910 1623 1102 1685 remearent.
1115 1637 1142 1681 ιε

83 1708 184 1775 Enim
215 1729 287 1772 cum
318 1729 387 1772 sese
418 1707 580 1791 ignobiles
610 1707 823 1791 foedatosquc
853 1707 955 1772 latere
985 1708 1102 1774 melius

85 1821 105 1862 a
129 1799 306 1880 conspectu
333 1796 540 1879 popularium
569 1818 666 1879 quam
695 1796 736 1860 ad
763 1795 938 1860 ludibrium
963 1795 1103 1862 forsitan

84 1906 277 1951 occursuros
316 1885 440 1949 civibus
473 1885 725 1968 praesentirent,
760 1882 857 1948 huius
893 1884 1021 1968 quidem
1054 1885 1102 1949 rei

83 1975 227 2060 gratiam
251 1973 355 2038 fecere
377 1973 457 2058 regi,
481 1974 544 2038 sibi
568 1975 679 2038 tamen
702 1976 735 2036 et
757 1974 878 2055 locum,
901 1994 997 2056 quem
1020 1973 1102 2037 cole-

82 2067 171 2146 rent,
200 2065 233 2126 et
256 2063 358 2126 vitam
382 2062 423 2126 ab
446 2061 629 2147 indigentia
651 2061 807 2126 laxiorem
829 2062 978 2144 protinus
1000 2061 1101 2146 impe-
1114 2079 1141 2124 so

83 2156 220 2217 traxere.
270 2148 337 2215 Dat
365 2151 465 2234 igitur
492 2151 544 2215 his
574 2154 606 2214 et
636 2170 732 2234 agros
761 2149 903 2233 dapsiles
932 2153 966 2215 et
993 2154 1102 2217 cetera

83 2241 192 2323 etiam,
216 2261 298 2322 quae
321 2238 361 2303 ad
381 2258 535 2322 agrorum
558 2237 712 2303 exercitia
735 2239 960 2323 secundarent,
978 2261 1101 2324 proque

84 2329 267 2414 supplicum
292 2327 411 2391 civium
435 2328 574 2392 consulit
596 2327 779 2394 voluntate.

175 2415 235 2484 30.
263 2414 326 2480 Sed
345 2416 430 2480 inter
449 2416 530 2481 haec
550 2438 662 2481 rursus
681 2414 803 2482 Darius
825 2417 1045 2501 comparando
1081 2421 1153 2479 m.

85 2505 240 2571 exercitui
263 2503 506 2589 scribendisque
528 2505 687 2569 militibus
711 2506 856 2570 animum
881 2506 1100 2571 confirmarat.
1114 2525 1141 2569 ss

86 2593 207 2659 Scribit
224 2593 359 2677 denique
376 2591 472 2677 Poro,
490 2594 560 2677 regi
578 2592 700 2677 Indiae,
722 2594 815 2659 talia:
839 2591 946 2658 ‘Clam
964 2617 1016 2659 me
1035 2615 1102 2660 non

86 2688 134 2747 est
157 2684 192 2747 in
216 2682 476 2766 indignationem
494 2685 585 2747 tuam
603 2685 636 2747 te
655 2682 781 2768 ducere,
800 2682 954 2767 quidquid
977 2703 1038 2749 nos
1062 2703 1101 2747 ex

176 2879 190 2925 1
207 2872 417 2942 sepulchrum.
433 2873 612 2944 sepultumP.
628 2874 753 2929 flaviles.
776 2880 792 2928 2
807 2874 983 2941 conspicatur
993 2873 1102 2941 scripsi.

86 2945 266 3014 conspicatus
287 2945 346 2999 Ms.
370 2945 549 3000 contionatus
567 2946 637 3000 nP.
706 2950 722 2997 3
741 2943 848 2998 ibidem
866 2950 894 2996 Τ.
917 2942 1047 3010 idemque
1067 2942 1100 2997 P.

86 3015 373 3084 tregii1.regesP.
415 3015 576 3084 eprovidit
590 3015 618 3068 P.
637 3014 769 3084 providet
780 3020 808 3068 2.
851 3013 935 3067 8ubi
953 3012 1055 3067 iuxtim
1072 3018 1100 3066 2.

86 3085 125 3141 ibi
143 3085 240 3139 iustim
252 3086 284 3141 P.
327 3085 468 3154 9pariter
481 3087 589 3155 scripsi.
606 3086 669 3154 pari
677 3083 744 3137 nP.
763 3083 906 3138 heiulatus
915 3089 942 3137 Τ.
986 3088 1018 3135 11
1038 3097 1101 3150 per-

87 3157 236 3211 moberunt
253 3163 280 3211 T.
347 3162 379 3210 12
397 3156 529 3212 fleviliter
547 3164 575 3211 T.
603 3155 749 3209 mutilatas
769 3155 828 3209 Mr.
856 3151 1013 3228 multilatos
1032 3152 1101 3207 Μ’.

89 3233 119 3281 17
139 3245 157 3282 a
176 3228 360 3296 conspectur.
380 3227 570 3297 conspectuP.
610 3232 642 3280 12
661 3226 752 3280 fecere
767 3225 860 3292 regin.
879 3221 972 3276 facere
987 3221 1099 3291 regisP.

87 3297 216 3354 locumP.
236 3298 333 3353 locon.
371 3303 405 3353 20
422 3298 527 3353 laxiore
536 3299 569 3354 P.
625 3303 658 3351 21
679 3312 761 3366 agros
781 3291 904 3364 dapsiles
913 3299 940 3347 Τ.
970 3308 1053 3372 agros
1072 3293 1103 3347 et
1143 3311 1153 3355 l

88 3369 209 3438 dapsiles
221 3369 255 3423 P.
311 3374 345 3422 22
364 3384 414 3437 pro
433 3385 504 3437 quae
523 3366 691 3438 supplicium
700 3373 727 3420 Τ.
754 3381 805 3436 pro
824 3380 880 3433 quo
898 3361 1101 3432 supplrcumP.

175 3439 224 3495 80.
257 3444 292 3493 24
311 3440 498 3508 comparando
518 3439 549 3495 P.
575 3455 645 3494 cors.
664 3455 697 3494 aa
715 3435 964 3515 comparandus-T.
1002 3439 1103 3516 2501·

90 3509 187 3564 ercitui
196 3517 224 3565 2.
245 3510 384 3565 exercitus
394 3510 427 3564 P.
470 3517 504 3565 26
524 3509 585 3580 regi
594 3516 622 3564 2.
641 3525 690 3564 cm.
701 3508 735 3564 P.
778 3513 812 3563 27
830 3504 861 3560 in
878 3505 1103 3575 indignstronem
1141 3524 1153 3563 r

89 3582 194 3651 scripsi.
213 3580 478 3650 indignationem.
493 3579 717 3651 indignationem
724 3580 759 3636 P.
780 3579 913 3634 duceres.
924 3575 1097 3632 deducereP
