2362 3938
185 866 210 926 1.
233 864 382 940 (Perfecta
403 867 454 921 lenc
477 871 534 935 est,
563 880 637 938 quae
665 870 745 921 uetat
767 865 877 936 aliquid
895 867 979 937 fieri,
1003 873 1030 923 et
1050 871 1120 926 sinn

120 953 233 1025 factum
255 953 301 1019 sit,
317 949 469 1019 rescindit,
486 950 580 1026 quadis
595 955 638 1004 est
650 951 702 1005 lea
719 988 811 1006 .....
827 948 1009 1021 Inperfecta
1025 951 1074 1008 lex

122 1041 174 1106 est,
190 1049 265 1108 quae
280 1038 359 1089 uetat
374 1033 483 1104 aliquid
495 1034 571 1103 fieri,
588 1039 615 1088 et
629 1035 655 1088 si
665 1031 779 1102 factam
795 1034 841 1102 sit,
856 1047 910 1088 uec
925 1036 1072 1106 rescindit,

121 1133 176 1174 nec
190 1133 317 1190 poenam
331 1119 451 1189 iniunpit
466 1120 505 1185 ei,
529 1119 580 1188 qui
593 1123 696 1172 contra
710 1118 800 1189 leyen
812 1115 899 1187 fecit,
922 1119 1017 1189 qualis
1033 1125 1075 1174 est

17 1204 173 1313 lvtluuleae
198 1201 313 1270 Cincio,
339 1214 414 1271 quae
437 1202 504 1270 plus
526 1217 611 1271 quam
633 1201 689 1256 duo
711 1202 788 1256 milia
811 1203 919 1255 assium
941 1195 1074 1275 donari)¹

51 1274 263 1382 s¹²¹?“proipibeu
285 1283 413 1356 'exceptis
429 1277 605 1355 (personis)²
626 1281 783 1355 quibusdam
806 1276 925 1359 (uelut)²
941 1287 1074 1360 cognatis,

68 1344 151 1424 et
166 1385 189 1424 si
204 1368 264 1442 pius
280 1368 407 1422 donatum
422 1369 466 1438 su
489 1383 544 1422 non
565 1367 704 1423 rescindit.
749 1363 779 1423 2.
803 1366 890 1422 Minus
914 1383 992 1439 quam
1015 1385 1074 1441 per-

122 1451 193 1508 fecta
209 1452 251 1507 ier
266 1459 325 1522 est,
347 1467 415 1524 quae
430 1458 504 1506 uetat
519 1450 619 1523 aliquid
635 1449 709 1521 fieri,
730 1458 758 1506 et
778 1452 802 1506 si
821 1451 923 1506 iactum
945 1452 996 1522 sit,
1019 1469 1073 1507 non

123 1535 262 1607 rescindit,
278 1535 325 1590 sed
341 1551 452 1607 poenum
468 1534 586 1608 iniungit
602 1537 634 1605 ei,
651 1535 696 1607 qui
709 1543 803 1590 contra
813 1534 901 1608 legem
915 1535 992 1599 iecit;
1009 1552 1073 1608 qun·

122 1619 155 1676 lis
178 1628 220 1675 est
240 1619 282 1675 lex
299 1617 377 1673 Furia
399 1618 613 1688 testamenttia,
637 1634 705 1691 quae
726 1617 786 1690 plus
811 1635 888 1690 quam
910 1619 972 1674 mile
988 1618 1074 1676 'asses

122 1702 206 1778 legati
217 1696 343 1759 nomine³
355 1705 486 1759 mortisue
498 1719 577 1760 causa
587 1702 714 1776 prohibet
725 1719 819 1775 capere
832 1711 939 1776 praeter
950 1711 1073 1776 exceptas

122 1804 263 1863 personas,
279 1795 306 1844 et
321 1787 450 1844 aduersus
465 1804 537 1860 eum,
553 1789 598 1862 qui
611 1788 672 1861 plus
685 1789 796 1861 ceperit,
807 1787 950 1861 quadrupli
960 1803 1074 1860 poenam

124 1875 274 1930 constituit.

196 2035 216 2102 1)
226 2037 271 2085 Sic
278 2039 337 2099 fere
343 2036 528 2098 praeeuntibus
539 2035 678 2085 Culucioct
685 2034 838 2096 Schillinpio
849 2048 963 2080 mancam
972 2041 1073 2085 seuten-

122 2108 184 2155 tiam
197 2106 380 2154 restituendam
395 2107 490 2154 censui.
519 2105 557 2152 De
571 2119 599 2152 re
614 2105 649 2165 cf.
664 2104 695 2150 L.
711 2113 777 2165 fipr.
798 2101 823 2151 0.
838 2102 870 2150 de
884 2101 958 2167 legib.
977 2102 1072 2171 (1,14).

123 2175 240 2225 Macrob.
255 2175 339 2224 Somu.
354 2173 424 2237 Seip.
439 2185 460 2231 2,
475 2185 508 2224 ιτ.
537 2175 575 2222 De
589 2176 644 2237 lepe
660 2173 748 2222 Cincin
764 2172 865 2237 iteam.
885 2172 944 2225 Vat.
955 2186 993 2226 266
1003 2191 1072 2241 seqq.

122 2244 247 2294 Summam
261 2248 316 2295 eius
330 2246 394 2309 lepis
407 2244 457 2293 ltac
471 2256 491 2295 s.
506 2244 545 2293 ed.
561 2244 661 2298 addidi,
677 2244 816 2293 coniectum
830 2259 865 2292 erc
878 2243 964 2294 Schol.
974 2245 1072 2310 quen,

123 2317 167 2379 qui
180 2317 217 2364 ad
229 2327 249 2374 t,
259 2328 298 2367 242
307 2331 358 2378 seq.
373 2321 523 2376 auctorest,
538 2329 584 2362 uec
597 2313 766 2363 histrionibus
781 2316 807 2363 in
822 2315 922 2364 theatro
932 2317 1074 2366 uictoribus

39 2412 41 2417 f
124 2388 233 2449 amplius
248 2387 358 2449 quinque
371 2399 473 2442 aureos,
488 2385 532 2448 qui
546 2386 630 2432 ualent
644 2385 796 2449 quinpcntos
809 2388 941 2434 sestertios
954 2388 1007 2435 siue
1021 2389 1073 2437 duo

123 2458 194 2505 milia
208 2457 312 2513 assium,
322 2456 386 2504 dore
396 2456 507 2504 licuisse.
533 2453 647 2503 Ceterum
661 2453 785 2516 Ulpianus
795 2471 850 2504 cum
861 2457 902 2503 ius
912 2456 987 2503 ciuile
996 2459 1072 2505 etium

123 2528 150 2574 iu
164 2526 212 2575 troc
227 2525 293 2575 libro
307 2524 353 2589 (cf.
368 2526 400 2573 L.
415 2536 435 2576 o.
450 2527 473 2587 5.
489 2536 509 2574 1.
533 2525 565 2572 D.
580 2525 612 2573 de
626 2526 706 2573 instit.
722 2538 742 2581 1,
757 2523 780 2590 1)
800 2526 827 2572 in
844 2526 968 2585 scriptum
982 2532 1007 2572 et
1021 2542 1072 2574 uon

66 2592 68 2594 ’
122 2597 247 2658 scriptum
260 2596 397 2652 divisisset,
408 2596 520 2657 primum
534 2595 636 2643 uidetur
649 2596 743 2657 scripti
756 2596 823 2642 iuris
837 2600 929 2655 partes
943 2608 959 2640 a
974 2594 1072 2656 lapibus

123 2666 264 2714 exordiens
277 2679 437 2714 enumerasse
452 2664 544 2730 (=§§.
554 2677 623 2716 s—s.
643 2665 664 2714 J.
680 2666 712 2714 de
726 2667 782 2713 iure
792 2670 844 2712 nat.
856 2674 876 2723 1,
887 2662 923 2727 i),
938 2663 1030 2711 deiude
1040 2665 1072 2712 de

123 2742 218 2784 notura
233 2738 314 2800 lepum
328 2736 424 2799 spisse,
443 2736 563 2798 adquam
577 2737 659 2797 locum
673 2735 735 2784 haec
749 2735 894 2797 pertinent,
916 2748 981 2797 quae
1000 2734 1072 2783 nobis

122 2812 226 2855 seruata
239 2813 306 2854 sunt.
336 2806 423 2854 Potest
436 2812 518 2853 tamen
532 2807 615 2866 etiam,
631 2812 658 2853 ut
671 2806 714 2854 llic
728 2806 893 2854 locusstatim
903 2804 967 2869 lepis
977 2805 1072 2868 plebis·

124 2891 171 2941 quc
184 2877 245 2926 sciti
258 2877 429 2938 definitionem
442 2882 544 2924 secutus
557 2877 605 2931 sit;
624 2876 693 2939 quod
705 2878 729 2924 si
742 2878 847 2934 statuis,
862 2877 889 2924 in
904 2877 999 2925 lacuna
1012 2883 1074 2940 post

124 2949 146 3009 ξ.
161 2958 182 2998 s.
209 2947 334 3011 Ulpianus
351 2945 424 3004 SOti,
447 2947 636 2996 constitutionis
650 2947 812 3011 principum,
833 2949 976 2998 edictorum
993 2948 1073 3012 mapi-

123 3025 250 3067 stratuum
263 3025 287 3068 et
305 3032 486 3080 responsorum
499 3017 665 3080 prudentium
684 3015 848 3068 brevissimas
865 3019 1026 3080 definitiones
1039 3033 1074 3067 eac

127 3088 183 3140 Gai.
195 3101 215 3147 1,
226 3101 294 3140 4-t.
310 3089 429 3137 retulisse
443 3095 467 3136 et
481 3089 518 3136 ita
532 3089 589 3136 iure
602 3088 701 3150 scripto
717 3088 833 3137 absoluto
848 3089 883 3136 ad
897 3090 938 3135 ius
948 3103 998 3137 nou
1007 3090 1073 3137 scri·

120 3165 201 3219 ptum,
217 3161 286 3223 quod
298 3174 332 3208 ca:
346 3158 457 3209 moribus
472 3159 564 3216 ueniat,
579 3158 715 3206 transitum
726 3157 822 3220 fecisse
836 3157 962 3206 dicendus
975 3159 1033 3206 erit.

125 3223 458 3293 ²)Necessariosupp1eoi,
478 3243 534 3277 cum
548 3243 598 3277 nou
613 3235 709 3276 tantum
728 3228 830 3290 quidam
849 3228 953 3290 coenati
973 3229 1075 3287 excepti

121 3296 231 3360 suerint.
261 3298 299 3361 Cf.
320 3299 364 3348 Fr.
387 3299 446 3349 Vct.
464 3309 585 3349 tto-309.
610 3297 756 3346 Enarmum
774 3299 834 3346 olim
850 3296 947 3358 suerit:
970 3296 1074 3357 exceptis

125 3368 175 3432 p'sis
189 3368 298 3432 quibusd.
314 3377 353 3419 uti.
401 3367 421 3434 ⁰)
436 3369 524 3418 ascium
539 3369 616 3430 iegato
632 3368 689 3417 Vnt.
701 3366 813 3433 (sactum
827 3365 894 3414 illud
903 3372 969 3427 puta
983 3379 1017 3413 esc
1027 3379 1075 3424 as.;

124 3454 183 3488 nam
196 3446 222 3487 et
235 3439 302 3488 alios
316 3453 350 3487 esc
364 3439 415 3500 lege
428 3454 454 3488 ns
466 3461 499 3481 =
508 3439 559 3500 lege
569 3439 629 3487 aelia
640 3439 715 3488 sentia
725 3438 851 3487 librarius
862 3436 927 3498 fecit
936 3435 987 3496 lege
997 3434 1075 3490 osciaz
