2362 3938
348 159 769 244 maouaurrconcroua
785 187 833 245 n.
1051 187 1094 252 85

78 337 139 397 illic
156 334 321 396 umbrosae
344 353 463 414 semper
485 343 565 397 stant
586 354 716 415 aequore
739 335 834 397 nubes

79 432 109 484 et
131 443 193 484 non
217 431 299 484 certa
322 424 399 505 dim,
422 427 518 506 primo
541 443 597 485 nec
621 425 682 485 sole
704 423 887 505 profundum
1044 435 1095 485 730

79 513 207 574 soluitur
231 519 282 573 aut
304 515 406 573 uernis
430 531 499 573 cum
520 511 571 573 lux
594 519 718 592 aequata
740 512 883 593 tenebris,

79 601 131 662 sed
154 600 235 661 redit
257 607 390 660 extremo
413 600 533 662 tandem
555 603 587 661 in
611 620 663 662 sua
685 600 773 662 litora
796 609 890 661 tauro.

123 688 186 748 lam
208 687 407 768 Mariandynis
431 688 560 749 aduertit
582 692 691 768 puppis
714 689 842 770 harenis,

79 777 175 856 adque
199 773 280 837 celer
302 784 398 837 terras
421 795 582 856 regemque
605 779 733 855 requirit
754 776 869 837 Echion

80 865 158 925 dicta
181 866 295 945 ferens,
318 865 411 931 lectos
434 859 526 948 (lama
550 872 595 927 cst
619 868 644 926 si
667 867 795 926 nominis
817 859 975 947 umquam)
1043 875 1094 925 735

79 953 259 1013 Haemoniae
283 953 395 1014 subiise
418 956 514 1034 uiros,
538 953 589 1013 det
610 954 697 1014 litora
720 954 815 1014 sessis.

79 1041 259 1121 adproperat
281 1040 377 1120 Lycus
400 1041 509 1101 auditis
533 1041 659 1103 laetatus
682 1041 813 1122 Achiuis,

80 1148 114 1189 ac
137 1130 227 1190 simul
249 1128 417 1190 Aesoniden
440 1147 618 1208 omnemque
641 1133 673 1189 in
696 1132 777 1208 regia
800 1129 918 1190 nirdam

79 1224 159 1278 tecta
182 1217 276 1277 trabit
298 1217 386 1277 modo
409 1217 562 1297 Bebryciis
585 1219 714 1296 praefixa
736 1218 897 1300 trophaeis,

79 1308 160 1365 mitis
184 1314 215 1366 et
236 1307 268 1364 in
291 1305 396 1365 mediis
420 1307 527 1366 effatur
550 1305 619 1366 talia
642 1307 740 1367 Grais:
1044 1316 1095 1365 740

80 1390 170 1453 ‘haud
196 1401 307 1454 temere
331 1401 391 1453 est:
414 1394 474 1454 lato
497 1393 600 1454 diuum
623 1413 692 1455 reor
716 1395 752 1454 ad
775 1412 841 1454 mea
863 1400 967 1454 erectos

79 1481 168 1541 litora
191 1500 260 1563 uos,
283 1481 385 1541 odium
409 1481 517 1559 quihus
541 1480 636 1560 adque
661 1482 764 1542 eadem
786 1485 830 1541 ira
853 1482 981 1541 furentis

78 1568 241 1648 Bebryciae
265 1587 411 1649 saeuaque
435 1588 522 1649 pares
545 1570 581 1630 de
605 1578 693 1649 gente
716 1568 868 1647 triumphi.

79 1665 161 1718 certa
184 1657 258 1717 fides
282 1661 396 1738 animis,
418 1659 498 1718 idem
521 1658 629 1737 quibus
651 1658 756 1718 incidit
778 1656 882 1717 hostis.

80 1763 134 1806 nos
158 1763 288 1827 quoque,
312 1765 367 1806 nos
381 1747 532 1827 Amycum,
555 1754 637 1807 tanto
660 1746 766 1825 procul
789 1745 861 1805 orbo
884 1747 1002 1827 remoti,
1043 1754 1094 1807 745

79 1835 229 1894 sensimus
252 1842 283 1894 et
306 1837 403 1895 saeuis
427 1835 521 1895 irater
543 1835 615 1894 mihi
638 1836 724 1895 lusus
746 1833 877 1894 habenis.

78 1921 159 1982 ultor
183 1939 251 2002 ego,
274 1929 362 2001 atque
385 1922 455 1983 illuc
478 1927 595 1984 eunctis
618 1941 760 1984 accensus
783 1925 814 1982 in
837 1923 926 1983 armis

80 2017 151 2070 tunc
176 2009 309 2092 aderam,
334 2029 403 2071 curn
426 2030 481 2071 uos
504 2012 611 2072 mediis
634 2019 773 2073 contenta
796 2009 940 2071 ferebant·

80 2098 146 2158 uela
169 2098 263 2158 iretis.
309 2098 393 2159 illum
416 2101 447 2158 in
470 2102 551 2160 sanic
575 2099 704 2178 taboque
727 2101 842 2160 recenti

80 2185 209 2247 uilium
232 2204 381 2265 aequoreo
404 2187 531 2248 similem
553 2207 608 2267 per
629 2188 717 2249 litora
739 2195 881 2249 monstro.
1043 2197 1094 2251 tto

80 2291 135 2333 nec
159 2291 234 2334 uero
257 2283 414 2355 praerepta
436 2276 509 2336 mihi
533 2295 671 2355 suprema
694 2278 811 2355 tyranni
864 2288 867 2295 ·

80 2361 139 2422 fata
163 2380 276 2440 quaeror
297 2362 414 2425 bellone
438 2367 530 2442 magis
553 2365 682 2426 laetarer
704 2373 735 2425 et
757 2367 848 2425 armis

81 2449 276 2528 procubuisse
300 2455 388 2534 meis,
411 2470 501 2530 quam
523 2453 587 2532 lege
611 2452 691 2531 quod
714 2452 824 2514 cecidit
845 2451 926 2513 ultus

81 2538 144 2615 ipse
168 2556 223 2599 sua
244 2541 411 2618 meritoque
434 2541 555 2601 madent
577 2540 656 2619 quod
680 2545 823 2620 sanguine
846 2534 985 2603 annus?

82 2627 191 2705 excipit
213 2625 375 2689 Aesonides
400 2624 481 2690 ‘tuus
505 2648 576 2708 ergo
599 2632 631 2690 in
653 2629 804 2693 montibus
827 2632 904 2709 ignis
1043 2638 1094 2690 ⁷65

81 2709 152 2774 illc?
174 2721 242 2775 tuas
264 2717 343 2776 acics
366 2717 463 2776 medio
487 2717 524 2777 de
548 2721 665 2797 gurgite
688 2714 784 2780 uidit'

80 2799 172 2882 latur,
195 2811 227 2862 et
249 2810 402 2864 ostentans
424 2805 540 2884 prolem
562 2806 642 2867 louis
666 2803 726 2867 ‘hio
749 2807 803 2868 tibi
826 2806 930 2868 Pollux

80 2882 128 2948 en'
151 2891 204 2971 ait,
229 2884 327 2951 ‘inliso
351 2893 441 2953 soluit
465 2897 514 2954 cui
536 2903 658 2973 pectore
680 2890 813 2974 poenas'

79 2975 126 3036 ille
149 2979 252 3039 uinum
275 2981 355 3041 circa
377 2983 514 3042 mirantia
536 2982 648 3043 lumina
670 2983 773 3044 uoluit.
1078 3046 1080 3053 ,

78 3063 153 3124 testa
176 3065 285 3128 dehinc
307 3068 413 3128 mediis
435 3071 541 3130 ineunt
563 3073 703 3131 conuiuia
726 3072 813 3130 tectis
1042 3079 1095 3128 roo

78 3167 311 3233 communesque
333 3164 443 3217 uocant
466 3175 605 3240 superoS,
629 3176 757 3237 quorum
780 3166 865 3216 eruta
888 3164 964 3217 nutu

74 3236 233 3324 bebrycia,
256 3251 289 3304 et
309 3245 389 3305 uotis
411 3247 524 3323 pariter
546 3245 714 3325 praedaque
738 3248 887 3307 fruuntur.
