2362 3938
108 186 173 252 194
226 183 404 242 EPISTOLA
421 183 636 240 ALEXANDRI
656 182 705 237 AD
724 182 993 239 ARISTOTELEM.

105 347 261 432 silvisque
284 370 322 413 ac
344 349 510 414 montibus
528 349 732 426 habitabant,
753 368 922 412 nemorum
947 350 1005 411 aut
1030 369 1123 413 saxo·

103 457 175 501 rum
207 437 342 502 latebris
375 438 545 504 occultata.
598 436 661 502 Sed
692 457 769 521 ego,
801 439 838 499 ut
867 436 1049 519 fugientem
1084 459 1125 502 ex

103 524 230 608 proelio
260 546 372 610 regem
395 525 514 591 Porum
540 526 681 609 primum
708 526 916 608 adsequerer,
948 528 1125 609 antequam

104 612 138 677 111
169 613 315 678 desertas
349 614 437 679 orbis
469 617 629 678 terrarum
663 615 767 678 abiret
798 613 1005 698 solitudines,
1039 636 1124 678 com-

79 703 264 786 opendiosa
287 723 385 785 quam
403 704 477 765 tuta
500 702 617 766 itinera
642 703 745 787 magis
771 702 890 786 eligere
914 703 1024 766 malui.
1061 702 1125 767 Ac-

106 791 211 875 ceptis
232 790 334 876 igitur
358 793 487 854 centum
512 791 749 875 quinquaginta
772 791 918 875 ducibus,
941 791 997 876 qui
1020 791 1125 857 brevi·

106 883 192 945 tates
215 879 368 944 itinerum
386 881 553 960 noverant,
575 900 687 943 mense
706 878 857 963 Augusto
882 900 940 962 per
961 880 1125 944 ferventes

107 969 178 1034 sole
200 968 338 1032 harenas
368 970 400 1030 et
424 967 555 1050 egentia
576 966 723 1031 humoris
752 967 824 1030 loca
846 968 1012 1048 profectus
1044 991 1126 1054 sum,

107 1055 274 1140 pollicitus
296 1053 347 1118 his
371 1052 526 1136 praemia,
549 1054 604 1137 qui
626 1076 688 1119 nos
711 1054 807 1136 periti
830 1055 1004 1136 regionum
1029 1057 1124 1121 duce-

66 1143 187 1209 rebant
210 1145 244 1206 in
268 1142 382 1226 ignota
404 1140 515 1204 Indiae
538 1141 622 1222 loca,
651 1142 680 1204 si
707 1161 758 1204 me
786 1141 940 1203 ineolumi
971 1164 1045 1207 eum
1076 1167 1128 1208 ex-

105 1232 207 1296 ercitu
235 1231 270 1293 in
294 1229 485 1293 Bactriaoen
512 1226 737 1310 perduxissent
764 1228 893 1310 penitus
920 1229 959 1290 ad
990 1231 1127 1296 abditos

106 1318 210 1403 Seres,
229 1317 315 1401 quud
331 1337 434 1402 genus
452 1316 620 1380 hominum
639 1315 726 1381 foliis
746 1314 898 1379 arborum
918 1315 1125 1397 decerpendo

105 1406 293 1490 lanuginem
322 1427 360 1469 ex
389 1404 529 1469 silvestri
556 1406 673 1471 vellere
701 1407 807 1470 vestes
839 1403 1001 1467 deterunt.
1056 1403 1126 1470 Sed

107 1496 157 1560 illi
176 1495 330 1560 maiorem
349 1492 436 1557 hosti
459 1516 557 1579 quam
575 1494 655 1559 mihi
673 1494 818 1559 favorem
839 1493 1125 1560 accommodantes

69 1605 95 1645 11
109 1583 263 1667 perficere
285 1582 479 1667 pergebant,
506 1587 544 1648 ut
571 1606 631 1649 nos
659 1585 694 1648 in
721 1582 899 1647 exitiabilia
923 1583 1126 1666 serpentium

110 1675 143 1736 et
165 1670 280 1736 rabida
302 1671 473 1736 beluarum
492 1672 696 1756 ferarumque
720 1693 839 1757 genera
862 1671 993 1756 ignaros
1016 1672 1124 1756 regio-

108 1780 186 1823 num
215 1759 416 1843 inducerent,
448 1762 534 1844 quod
562 1763 637 1827 illos
667 1762 867 1846 excogitasse
895 1783 933 1823 ex
960 1760 1041 1842 ipsis
1072 1783 1125 1824 ex-

107 1847 297 1933 perimentis
320 1848 462 1931 patebat.
509 1849 594 1915 Tum
622 1871 682 1934 ego
706 1871 840 1915 cernens
869 1871 908 1912 ex
935 1870 1009 1912 mea
1031 1854 1124 1930 parte

108 1936 143 2002 id
165 1936 334 2019 accidisse,
362 1937 418 2021 qui
446 1938 541 2002 utilia
570 1939 707 2003 consilia
735 1960 917 2022 spreveram
947 1938 1124 2001 amicorum

68 2027 232 2110 asperiter
250 2029 283 2091 et
302 2022 495 2108 Caspiorum
513 2027 693 2110 hominum,
712 2028 768 2111 qui
787 2026 1015 2109 praedixerant
1033 2027 1125 2108 mihi,

107 2136 148 2179 ne
175 2114 223 2179 ita
250 2113 439 2178 festinarem
462 2115 604 2200 uincere,
632 2138 672 2180 ne
701 2115 782 2178 mihi
810 2116 876 2179 ullo
904 2115 999 2179 modo
1025 2115 1122 2179 inter-

107 2202 259 2268 veniente
288 2201 460 2267 adimenda
489 2207 575 2268 esset
598 2203 751 2287 victoria,
778 2203 937 2286 imperavi
965 2203 1123 2267 militibus

106 2290 187 2355 meis
219 2291 384 2376 omnibuS,
416 2295 453 2355 ut
486 2292 583 2356 armis
617 2291 723 2354 induti
755 2311 872 2374 agmen
903 2296 1123 2376 sequerentur,

92 2383 275 2462 praeterea
302 2402 374 2445 cum
404 2381 474 2444 auri
503 2402 542 2444 ex
570 2380 687 2462 rapina
715 2379 1031 2464 margaritarumque
1057 2402 1122 2443 non

65 2489 92 2530 rc
106 2489 241 2550 parvam
262 2468 416 2550 praedam
439 2470 596 2533 veherent
618 2471 651 2531 et
673 2466 853 2530 timendum
878 2473 977 2551 esset,
1006 2491 1047 2532 ne
1071 2490 1122 2532 cc-

106 2555 195 2620 cultc
218 2556 332 2622 hostes
357 2579 416 2621 sua
440 2558 582 2622 ablaturi
605 2556 781 2621 victoribus
804 2556 1042 2621 insidiarentur.
1078 2556 1123 2620 Et

106 2665 184 2707 sane
207 2644 300 2708 miles
324 2645 371 2708 ita
393 2646 535 2729 locuples
560 2648 638 2729 erat,
661 2649 699 2709 ut
722 2645 775 2708 vix
798 2645 880 2708 ferre
904 2644 1031 2729 pondus
1052 2645 1122 2708 auri

105 2736 227 2814 posset.
274 2731 457 2797 Accedebat
486 2755 612 2817 quoque
642 2755 807 2797 armorum
834 2755 901 2797 non
925 2756 1026 2816 parva
1051 2755 1122 2818 gra·

198 2983 212 3030 l
232 2978 281 3031 aut
299 2977 449 3100 saxorum}
462 2993 646 3046 saxorumque
665 2978 705 3031 H.
751 2985 768 3031 4
788 2978 879 3032 abiret
892 2977 931 3032 H.
957 2973 1068 3029 habites
1083 2977 1118 3030 L.

107 3045 214 3102 abirem
232 3052 279 3104 oet.
312 3062 430 3116 compen
451 3047 511 3102 iosa
529 3048 566 3102 H.
595 3050 654 3102 tam
678 3049 877 3117 compendiosa
895 3053 940 3101 cet
1025 3051 1056 3097 10
1075 3044 1117 3116 in]

105 3133 157 3187 per
174 3119 213 3173 H.
257 3116 424 3172 incolumem
444 3117 513 3173 (1.0.
570 3125 601 3200 11
621 3118 788 3188 penitusque
807 3123 929 3174 remotas
951 3115 986 3170 ad
1006 3115 1118 3171 abditos

106 3188 444 3314 1111111111
458 3194 497 3313 ii.
512 3189 708 3330 1111111·
734 3196 857 3328 dna
872 3193 929 3313 113⁵
941 3186 1116 3323 §datast

108 3331 175 3387 GP.
201 3331 340 3400 cogitasse
358 3336 406 3386 cet.
479 3337 513 3384 20
531 3331 730 3399 praedixerunt
749 3351 777 3384 ω,
852 3336 884 3383 21
904 3326 1031 3406 utnulla
1051 3325 1116 3379 dolo

105 3402 309 3458 interveniente
324 3400 395 3455 mihi
410 3401 543 3471 adempta
558 3403 632 3456 esset
642 3403 680 3455 H.
724 3408 759 3455 24
776 3402 922 3470 practerea
935 3413 1067 3478 quomam
1077 3397 1115 3451 H.

106 3475 252 3544 praeterea
271 3471 319 3540 qui
329 3473 364 3528 B.
372 3473 403 3528 V.
448 3479 481 3527 25
501 3477 530 3528 et
544 3490 593 3530 cra.
604 3473 643 3528 H.
653 3473 685 3529 P.
712 3473 821 3528 occulto
833 3471 907 3527 L.B.
915 3470 945 3525 V.
967 3468 1069 3523 occulti
1082 3468 1115 3523 G.

107 3547 216 3602 occulte
236 3543 348 3599 0.P.H.
422 3550 455 3598 27
475 3543 664 3613 locupletatus
683 3545 720 3598 H.
