2362 3938
206 151 381 208 EPISTOLA
400 150 618 207 ALEXANDRI
635 153 686 208 AD
704 153 971 212 ARISTOTELEM.
1028 155 1090 220 191

80 317 231 400 cuiquam
256 336 327 380 esse
350 318 402 379 tot
425 315 589 400 prodigia,
616 316 680 381 nisi
708 316 854 382 subiecta
883 318 983 383 oculis
1011 318 1092 383 meis

78 408 148 490 ipse
163 405 252 488 prius
272 408 389 469 cuncta
403 403 675 487 ponderariesem.
707 403 791 470 Mira
810 409 861 470 est
878 411 975 490 terra,
995 428 1092 491 quan·

78 501 150 559 tum
180 497 236 557 aut
262 494 423 557 bonarum
452 514 560 557 rerum
588 493 696 576 pariat
729 497 787 558 aut
816 495 990 579 malarum,
1018 517 1093 560 con·

78 581 269 666 templatrix
292 585 325 645 et
347 582 477 665 pariens
500 582 633 666 publica
655 584 832 667 figurarum
860 605 897 648 ac
920 583 1093 669 fructuum,

78 671 349 754 metallorumque
369 675 466 755 atque
486 671 684 736 animalium.
718 670 806 747 Quae
826 671 854 736 si
873 672 982 737 omnia
996 672 1122 739 liceato

78 760 199 825 intueri
221 759 362 841 homini,
389 759 444 823 vix
473 759 647 824 suffectura
675 764 725 824 tot
748 759 962 826 varietatibus
985 782 1094 825 rerum

79 852 150 933 ipsa
174 846 362 923 crediderim
386 847 529 913 nomina.
576 846 639 913 Sed
667 869 728 934 ego
757 848 796 913 de
823 849 890 935 his,
918 870 1000 933 quae
1026 849 1092 932 pri-

78 961 167 1002 mum
187 936 336 1020 cognovi,
359 936 493 1019 eloquar
516 936 651 1002 daturus
674 959 819 1021 operam,
839 959 880 1002 ne
904 942 960 1003 aut
982 937 1093 1002 fabula

80 1030 136 1091 aut
164 1025 253 1109 turpi
281 1025 451 1089 mendacio
481 1025 598 1110 dignus
627 1025 758 1091 efficiar.
804 1025 914 1091 Etiam
942 1030 1093 1091 naturam

80 1115 183 1179 animi
206 1114 279 1199 mei,
303 1135 374 1178 cum
394 1113 495 1177 fueris
513 1118 712 1198 praeceptor,
734 1136 800 1179 non
824 1115 966 1200 ignoras,
990 1116 1133 1184 solereio

80 1225 131 1267 me
161 1202 337 1266 terminum
369 1202 543 1285 aequitatis
575 1202 736 1268 custodire
762 1208 795 1268 et
819 1205 947 1288 parcius
976 1204 1094 1283 omnia,

81 1314 177 1375 quam
208 1295 302 1376 gesta
333 1294 421 1370 sunt,
451 1291 549 1375 loqui.
594 1290 640 1356 Et
669 1313 754 1357 nunc
785 1314 896 1377 spero,
927 1292 1011 1378 quod
1041 1314 1093 1358 co-

80 1381 209 1465 gnoscis
239 1380 322 1443 nihil
354 1400 405 1443 me
435 1383 604 1464 tamquam
636 1384 820 1464 captantem
853 1381 1093 1465 iactantemque

80 1469 218 1553 gloriam
237 1467 372 1531 militiae
390 1471 523 1532 nostrae
543 1490 697 1534 asserere.
734 1469 824 1546 Quae
843 1471 967 1534 utinam
985 1470 1092 1534 minus

78 1558 243 1621 laboriosa
269 1557 364 1620 nobis
392 1577 451 1621 nec
477 1560 528 1622 tot
552 1557 649 1622 rebus
679 1558 935 1640 experimentata
962 1578 1093 1622 necesse
1107 1586 1133 1628 15

80 1648 167 1709 esset
196 1665 397 1729 cognoscere.
446 1644 519 1729 Ago
548 1646 672 1730 gratias
701 1645 913 1710 Macedonum
942 1646 1093 1709 iuvenum

79 1733 193 1798 virtuti
213 1737 247 1798 et
265 1733 387 1798 invicto
407 1734 561 1798 exercitui
578 1739 702 1819 nostro,
721 1734 776 1817 qui
795 1735 829 1798 in
849 1755 921 1798 mea
935 1734 1093 1817 patientia

79 1827 383 1908 perseveraverunt,
409 1825 446 1886 ut
474 1843 530 1886 rex
558 1842 671 1906 regum
700 1823 890 1906 appellarer.
937 1820 1007 1897 Quo
1031 1822 1093 1886 tibi

79 1934 152 1977 meo
176 1912 274 1977 titulo
299 1911 398 1975 misso
425 1910 541 1975 laetari
568 1914 615 1989 te,
642 1910 808 1975 carissime
832 1914 1035 1996 praeceptor,
1064 1911 1092 1974 si

80 2001 202 2081 dubito,
226 1999 387 2084 delinquo,
410 2003 443 2064 et
462 2021 481 2064 a
502 2022 574 2064 mea
597 2005 719 2084 tuaque
737 1999 861 2084 pietate
880 2000 1005 2082 aberro,
1028 1998 1093 2062 nisi
1107 2028 1133 2070 20

79 2091 150 2173 tibi,
173 2093 210 2151 ut
234 2088 430 2173 Olympiadi,
454 2089 551 2152 matri
574 2109 674 2171 meae,
698 2089 927 2172 sororibusque
949 2087 1030 2153 meis
1055 2087 1094 2153 de

81 2176 218 2262 singulis
248 2177 435 2260 regni·mei
466 2176 645 2241 commodis
675 2177 831 2262 scribam3
863 2199 944 2262 quae
973 2177 1039 2242 tibi
1062 2181 1095 2242 et

80 2266 145 2329 illis
166 2265 352 2329 communia
370 2286 440 2329 esse
460 2265 646 2349 arbitrator,
664 2265 761 2350 idque
779 2266 844 2331 nisi
858 2266 981 2352 feceriS,
999 2268 1092 2348 [non]

80 2376 196 2438 parum
219 2353 258 2418 de
281 2353 377 2418 nobis
402 2353 591 2436 simpliciter
614 2353 757 2419 iudicare
781 2354 908 2421 viderie.

168 2443 334 2507 Prioribus
362 2442 482 2506 litteris
507 2441 763 2526 significaveram
787 2444 850 2509 tibi
877 2444 916 2508 de
945 2443 1023 2509 solis
1046 2444 1092 2507 lu·
1107 2475 1134 2516 25

80 2552 203 2616 naeque
231 2531 343 2615 eclipsi
366 2534 399 2594 et
422 2529 461 2595 de
489 2531 676 2596 constantia
704 2532 846 2597 siderum
874 2533 1021 2617 a'e'risque
1045 2532 1094 2597 in·

80 2619 181 2703 diciis,
205 2640 287 2703 quae
306 2621 414 2685 omnia
437 2641 503 2685 non
527 2619 596 2684 sine
615 2641 736 2706 magna
760 2642 837 2686 cura
860 2623 1009 2686 ordinata
1031 2621 1094 2685 tibi

80 2709 162 2791 misi,
186 2712 219 2772 et
241 2708 302 2773 has
320 2730 422 2773 novas
441 2708 666 2791 implicaturus
685 2709 840 2775 historias
864 2710 973 2774 omnia
997 2709 1093 2774 cartis

170 2881 337 2950 leuiquam
355 2883 394 2936 Η.
403 2882 437 2936 P.
467 2882 568 2951 cuique
587 2882 653 2939 oaV.
691 2882 787 2937 2ise
805 2882 884 2953 prius
904 2884 1006 2936 cuncta
1023 2898 1092 2951 pon-

80 2953 250 3008 deravisscm
262 2953 300 3007 H.
327 2951 462 3007 vidissem
474 2953 551 3022 prius
567 2956 668 3008 cuncta
677 2902 803 3022 pondera
813 2955 957 3024 (portenta
972 2952 1014 3021 V.)
1025 2951 1092 3006 oaV.

80 3025 159 3094 mira]
185 3024 343 3078 mirandum
366 3024 405 3078 Η.
479 3023 732 3093 3contemplatrix
755 3025 784 3077 et
807 3022 949 3093 pereatrix
968 3022 999 3076 V.
1028 3037 1093 3076 con-

79 3095 243 3164 templatrix
256 3095 357 3149 existat
371 3097 401 3149 et
434 3095 526 3160 ariens
536 3093 575 3151 H.
617 3092 905 3150 8fabulaeL.M.H.
945 3097 976 3147 12
996 3091 1093 3162 quam]

79 3166 195 3233 quael).
253 3171 286 3219 14
304 3165 396 3220 minus
446 3166 534 3221 issent
551 3166 590 3220 Η.
646 3167 679 3218 15
698 3164 780 3218 rebus
800 3160 949 3218 ama
974 3177 1042 3217 corr.
1062 3163 1095 3216 in

79 3253 170 3290 rernm
188 3236 221 3292 G.
242 3237 465 3305 experimentato
478 3235 589 3292 ΒΜ.
621 3237 652 3289 ta
665 3250 772 3289 ararum
785 3235 818 3288 in
829 3233 877 3304 (ll.
902 3232 1095 3302 experimenta

82 3307 113 3362 G.
122 3309 165 3361 M.
173 3308 249 3363 V.H.
284 3323 356 3376 quae
371 3309 480 3363 utinam
493 3307 586 3360 minus
617 3305 845 3361 aboriosanobie
867 3304 1030 3368 fuissetne
1050 3304 1095 3358 tot

80 3396 171 3503 rpirlum
180 3379 584 3505 thpelrimtqpitqnqbignetcerse
593 3379 666 3503 esreqt
674 3391 841 3502 coqposcprp
851 3376 901 3500 ςέο
914 3374 1047 3500 Ιὲοἶὶῑὺιιίο
1053 3375 1092 3430 Η.

79 3466 212 3506 soc.
259 3467 290 3504 ae
375 3464 659 3505 e..eom.c.
766 3463 916 3500 ar1rr
990 3463 1094 3500 ee·ar-

78 3519 170 3574 error
190 3520 274 3575 coda
311 3521 394 3589 aque
409 3549 444 3561 -
458 3518 562 3575 viroris
581 3535 631 3575 om.
652 3519 687 3573 P.
724 3534 780 3572 non
799 3519 891 3574 aeteva
1021 3488 1030 3515 '
