2362 3938
128 209 173 274 26
473 205 503 260 c,
521 205 805 261 vmnnruuaccr

130 365 165 418 ut
188 364 367 437 memorant,
390 372 534 434 prensum
556 356 620 433 ipse
645 356 738 414 comis
760 353 919 434 Neptunus
942 358 975 418 in
998 356 1088 419 altum
1163 402 1167 411 .

129 444 253 506 abstrdit
275 445 480 525 implicuitque
504 443 589 503 uadis
612 445 780 521 totiensque
805 452 930 504 cruenta

128 534 207 594 mole
231 540 438 612 resurgentem
461 539 711 611 torquentemque
735 531 883 610 anguibus
906 532 1003 594 undas
1168 578 1171 583 -

128 622 283 682 Sicanium
306 622 387 683 dedit
410 638 505 698 usque
531 621 640 680 fretum
664 637 791 699 cumque
815 618 943 681 urbibus
967 620 1090 683 Aetnam
1172 618 1177 639 ⁵

128 709 231 771 intulit
254 728 306 769 ora
328 726 481 789 premens3
504 717 575 769 trux
597 708 646 768 ille
670 710 778 768 eiectat
801 707 882 768 adesi
1107 720 1132 770 3⁰

129 798 321 860 fundamenta
345 799 420 876 iugi3
442 799 555 875 pariter
578 806 650 857 tuno
673 798 770 855 omnis
794 796 912 856 anhelat

130 885 296 967 Trinacria,
319 887 458 945 iniectam
481 885 560 944 sesso
584 885 656 944 dum
678 891 800 962 pectore
825 882 934 944 molem

131 983 300 1034 commouet
323 975 480 1052 experiens
503 974 674 1051 gemituque
698 974 816 1052 reponit
838 973 928 1033 inani.

175 1061 294 1139 lamque
318 1061 518 1139 Hyperionius
542 1069 635 1121 metas
658 1063 748 1120 maris
771 1068 859 1138 urget
881 1059 987 1122 Hiberi

130 1167 239 1209 currus
263 1157 292 1208 ct
316 1156 438 1208 euectae
461 1166 557 1226 prono
580 1148 716 1209 laxantur
739 1148 870 1209 habenae

131 1236 265 1316 aethere,
290 1255 358 1296 curn
377 1235 488 1314 palmas
511 1235 624 1314 Tethys
647 1237 814 1315 grandaeua
838 1239 983 1316 sinusque

128 1322 251 1384 sustulit
274 1332 304 1384 et
327 1332 415 1403 rupto
440 1325 540 1384 sonuit
563 1343 647 1384 sacer
671 1344 800 1405 aequore
825 1324 920 1385 Titan.

131 1420 255 1473 auxerat
277 1411 350 1473 bora
374 1420 484 1494 metus,
507 1415 566 1472 iam
590 1432 621 1472 se
645 1416 792 1475 uertentis
816 1412 934 1492 Olympi

130 1509 165 1562 ut
188 1501 294 1562 taciem
316 1509 477 1582 raptosque
501 1502 590 1563 simul
613 1512 791 1581 montesque
815 1501 958 1580 locosque

127 1609 167 1650 ex
191 1590 285 1652 oculis
308 1594 481 1669 circumque
505 1609 612 1670 graues
635 1592 738 1652 nidere
763 1589 910 1650 tenebras.

127 1679 194 1758 ipsa
218 1682 303 1757 quies
327 1698 429 1740 rerum
452 1679 614 1758 mundique
639 1679 754 1740 silentia
778 1685 894 1740 terrent

130 1773 269 1846 astraque
294 1777 324 1829 et
347 1769 448 1829 effusis
473 1767 606 1829 stellatus
625 1767 758 1828 crinibus
782 1766 893 1827 aether.

127 1871 165 1914 ac
187 1855 272 1916 uelut
294 1858 395 1935 ignota
419 1865 523 1936 captus
546 1859 667 1935 regione
691 1858 808 1917 uiarum

130 1946 321 2024 noctiuagum
344 1948 395 2025 qui
419 1948 514 2026 carpit
535 1947 593 2006 iter
616 1963 676 2005 non
699 1962 770 2004 aure
794 1945 929 2023 quiescit,

128 2049 190 2093 non
215 2033 323 2116 ocelle,
346 2037 502 2111 noctisque
526 2042 625 2095 metus
648 2036 734 2112 niger
756 2040 845 2111 auget
867 2033 1023 2111 utrimque

53 2202 56 2206 ⁴
127 2138 252 2200 campus
275 2131 305 2183 ct
328 2141 490 2183 occurrens
513 2122 628 2183 umbris
652 2120 812 2183 maioribus
836 2117 933 2201 arbor,

130 2207 209 2268 haud
232 2209 319 2271 aliter
341 2211 491 2293 trepidare
515 2213 582 2270 uiri.
629 2211 681 2271 sed
704 2217 825 2290 pectora
847 2209 969 2269 firmans

127 2293 295 2373 Hagniades
320 2294 391 2359 ‘non
414 2294 502 2360 hanc'
524 2301 624 2377 inquit
646 2295 722 2358 ‘sine
745 2300 868 2359 numine
890 2299 996 2376 pinum
1087 2333 1090 2340 ·

130 2381 305 2467 derigimus,
328 2405 384 2446 nec
407 2406 455 2446 me
479 2395 595 2448 tantum
618 2386 750 2447 Tritonia
774 2404 881 2447 cursus

129 2471 251 2552 erurdiit3
275 2492 362 2552 saepe
386 2477 450 2553 ipsa
472 2493 563 2535 manu
587 2476 704 2553 dignata
727 2477 858 2535 carinam
881 2482 935 2535 est.

128 2576 166 2618 an
189 2578 250 2619 non
274 2564 401 2642 experti,
425 2561 543 2622 subitus
566 2581 635 2623 cum
657 2563 724 2623 luce
748 2564 848 2642 iugata
928 2593 930 2597 ·

19 2712 21 2719 ,
127 2645 245 2708 horruit
267 2648 362 2709 imbre
386 2647 472 2710 dies?
496 2653 626 2732 quantis,
649 2666 705 2730 pro
727 2650 874 2732 luppiter,
898 2652 1009 2712 austris

128 2736 308 2798 restitimus!
332 2746 442 2817 quanta
466 2741 605 2818 quotiens
629 2757 666 2798 en
689 2739 816 2800 Palladis
839 2746 902 2800 arte

128 2824 279 2886 incassum
302 2827 433 2887 decimae
457 2828 565 2888 cecidit
588 2838 688 2889 tumor
711 2828 822 2889 arduus
845 2826 955 2888 undael

133 2914 206 2992 quin
229 2916 320 2998 agite,
343 2935 361 2976 o
384 2918 470 2997 socii3
493 2918 583 2978 micat
605 2916 788 2979 immutabile
813 2916 928 2976 caeluun

130 3019 264 3083 puraque
288 3023 344 3066 nec
367 3007 490 3085 grauido
514 3009 646 3068 surrexit
668 3006 792 3086 Cynthia
816 3022 919 3085 cornu,

128 3091 230 3153 nullus
251 3094 283 3152 iu
307 3113 358 3154 ore
381 3095 487 3177 rubor,
511 3104 671 3175 certusque
695 3095 731 3155 ad
753 3095 822 3156 talia
845 3094 932 3154 Titan

127 3177 244 3258 integer
266 3183 298 3240 in
321 3182 431 3245 fluctus
454 3192 484 3244 et
506 3187 538 3244 in
561 3203 621 3245 uno
646 3183 756 3245 decidit
778 3201 859 3243 auro.

127 3265 216 3348 adde,
241 3269 320 3347 quod
343 3273 374 3329 in
397 3280 518 3333 noctem
541 3274 624 3333 uenti
647 3270 774 3347 ueloque
798 3269 933 3345 marique

127 3352 306 3416 incumbunt
329 3361 421 3436 magis
445 3368 475 3418 et
498 3362 596 3420 tacitis
619 3361 692 3418 ratis
715 3357 798 3415 ocior
820 3354 912 3414 horis

126 3445 215 3516 atque
239 3444 312 3503 adeo
336 3463 396 3505 uon
419 3446 467 3506 illa
491 3449 576 3525 sequi
600 3445 672 3505 mihi
695 3442 792 3501 sidera
815 3457 900 3499 mens
924 3448 992 3523 stat,

126 3541 203 3603 quae
226 3529 345 3608 delapsa
368 3532 436 3611 polo
460 3534 556 3595 reficit
574 3550 656 3592 mare
679 3523 760 3610 (talis
785 3524 878 3587 Orion
