2362 3938
84 198 148 262 634
245 214 350 248 noman
368 214 475 249 vomui
494 199 526 266 (l)
544 215 642 250 rasum
661 217 696 251 on
715 216 776 253 rvris
794 216 869 252 srscr.

82 352 164 389 versu
182 335 277 403 paullo
294 335 485 400 prominente,
508 337 554 390 vel
576 336 651 391 intra
672 354 784 391 versum
806 338 924 406 spatiolo
946 355 1034 392 vacuo

81 402 180 455 relicto
200 403 229 455 et
245 401 342 454 littera
358 401 462 455 initiali
480 404 576 470 paullo
594 406 699 458 maiore
717 405 850 470 indicare,
869 421 955 458 novas
967 422 1034 459 vero

81 468 213 522 materias
232 469 318 522 ctiam
335 468 461 544 rubricis,
481 471 581 536 quibus
599 471 747 539 pingendis
764 489 876 525 versum
894 473 1035 551 integrum

81 536 255 670 circino
272 535 1034 670 irrinucnnnnrmcincinno

81 670 183 726 hibuit.
215 669 368 722 *Rubricas
385 668 439 721 ali
460 668 532 722 rario
550 669 634 722 fuisse
651 672 822 738 numeratas,
841 672 968 726 indicant
985 691 1036 727 nu·

82 753 175 791 merus
197 744 285 791 ‘xxvr’
312 736 341 790 et
361 735 502 812 sequentis
524 735 651 789 rubricae
677 752 741 803 pars
767 740 878 791 numeri
901 743 1035 806 (xxv)‘11’,

81 805 132 872 qui
149 820 223 858 nunc
242 804 354 857 demum
371 801 450 854 inrtio
463 805 503 864 ἐξ.
517 807 532 854 8
546 802 576 854 et
587 808 602 854 9
615 803 644 854 in
655 803 782 878 margine
802 810 1035 872 comparuerunt:

81 869 637 1002 sisintiaci?,retorsit
656 869 1037 992 {resilientium}

82 1005 199 1058 stinctae
215 1003 308 1055 fnisse.
344 975 518 1078 Oum’igitur
533 1018 598 1079 non·
608 1004 729 1068 constet,
751 1004 821 1071 quot
837 1004 948 1056 articuli
966 1023 1034 1072 qua·

82 1087 136 1139 que
165 1069 277 1122 rubrica
306 1068 500 1136 comprehensi
528 1070 645 1135 fuerint,
676 1086 728 1123 nec
758 1072 835 1124 certa
863 1072 1032 1136 coniectura,

81 1137 218 1256 qugnttum
235 1135 375 1189 interierit
397 1137 462 1189 ante
486 1152 532 1203 ea,
554 1153 625 1204 quac
649 1139 761 1192 servata
781 1139 860 1202 sunt,
882 1139 947 1192 hinc
970 1140 1035 1208 capi

132 1219 181 1256 es.

80 1219 116 1272 po
148 1269 211 1336 Ipse
230 1270 328 1322 auctor
346 1285 393 1334 ca,
411 1285 484 1337 quae
502 1273 665 1337 supersunt,
688 1273 825 1339 quantum
848 1288 883 1326 ex
905 1273 948 1326 his
965 1273 1033 1340 ipsis

81 1335 219 1390 coniicere
237 1335 312 1400 licet,
332 1351 365 1390 eo
383 1335 466 1389 modo
485 1337 597 1391 videtur
615 1339 772 1407 digessisse,
790 1340 822 1393 ut
839 1341 882 1392 ius
900 1338 958 1392 fisci
976 1344 1033 1394 tra·

81 1404 172 1458 ctaret
189 1403 209 1459 Ι,
228 1402 337 1456 ratione
354 1404 540 1471 negotiorum,
559 1420 630 1472 quae
643 1405 678 1458 ab
692 1405 753 1458 aliis
764 1408 880 1475 propter
891 1407 1034 1474 publicam

81 1469 223 1548 quandam
245 1469 398 1523 utilitatem
419 1469 559 1524 inutiliter
580 1474 716 1539 geruntur
742 1473 801 1525 sive
827 1473 925 1526 mortis
952 1490 1034 1528 causa

80 1553 138 1591 srva
160 1537 234 1590 inter
255 1536 515 1601 vivos,·§§.1—4·.
549 1536 582 1591 ΙΙ.
605 1540 713 1591 ratione
740 1540 931 1615 negotiorum,
961 1557 1033 1606 quae

80 1604 167 1673 ipsius
184 1602 243 1657 fisci
260 1603 372 1656 nomine
395 1603 515 1656 maxime
534 1619 551 1656 a
568 1605 654 1658 servis
673 1605 798 1659 Caesaris
821 1607 1034 1675 contrahuntur,

81 1677 121 1737 §5-
138 1677 212 1726 5-7.
234 1671 296 1724 tum
318 1670 416 1738 ageret
437 1670 484 1722 ΙΙΙ.
503 1671 537 1724 de
559 1671 656 1738 poenis
677 1671 859 1749 pecuniariis,
882 1689 954 1740 quae
978 1675 1033 1727 illi·

81 1739 136 1792 cite
159 1738 303 1806 gestorum
324 1736 436 1791 nomine
459 1737 488 1789 in
510 1738 606 1791 fiscum
628 1738 807 1808 rediguntur,
826 1744 865 1803 ἓξ.
883 1745 908 1794 8.
926 1746 965 1801 9.,
984 1742 1033 1794 ubi

80 1804 202 1875 primum
220 1803 318 1856 folium
337 1804 402 1858 exit.
432 1803 565 1872 Sequitur
582 1806 611 1858 in
629 1806 718 1860 altero
735 1807 802 1860 folio
819 1806 867 1860 IV.
884 1806 919 1860 de
938 1807 1031 1876 lucris,

80 1887 153 1940 quae
171 1869 254 1924 fiscus
272 1885 307 1923 ex
324 1869 409 1924 licitis
425 1873 601 1939 privatorum
622 1873 743 1942 negotiis
765 1874 812 1928 vel
834 1875 931 1928 mortis
950 1891 1034 1928 causa

79 1936 220 2059 tituli!
237 1937 415 2058 iioeiiilt’
434 1944 610 2060 §iiiiii
628 1941 1032 2073 iiiii?{iatfflnttltiln

80 2071 166 2126 etiarn
185 2043 315 2138 oporteat
331 2072 378 2125 vel
391 2024 463 2148 spouq,
481 2073 541 2126 tam
558 2073 615 2138 his,
632 2075 682 2139 qui
698 2024 813 2126 munege
832 2025 1032 2140 aliquffiafisscalei

78 2137 127 2191 fun
149 2139 241 2202 untur,
260 2153 345 2205 quam
362 2139 490 2205 pnvatis,
509 2143 548 2202 ἐξ.
563 2144 668 2190 14-21.
698 2138 751 2202 Qui
764 2139 831 2191 ordo
849 2141 1032 2192 materiarum

78 2155 160 2258 valde
183 2204 343 2282 discrepare
366 2205 584 2281 deprehenditur
605 2204 640 2256 ab
668 2202 728 2264 e0,‘'
740 2220 796 2271 quo
816 2203 941 2282 Paullus¹
954 2205 1031 2260 Sent.

78 2271 128 2324 lib.
148 2270 292 2328 V.t1t.12.
312 2269 346 2323 de
365 2286 424 2324 rure
443 2271 529 2324 fiscis
552 2272 581 2324 rt.
612 2269 682 2347 Cum
700 2286 767 2323 vero
785 2286 827 2335 ea,
848 2287 920 2338 quae
932 2289 962 2325 rn
974 2272 1029 2327 fine

79 2336 142 2392 folii
159 2337 244 2414 primi
261 2338 426 2414 tractantur,
444 2288 594 2414 admoffum
607 2353 700 2391 vrcrna
711 2337 766 2390 sint
777 2337 829 2404 his,
848 2338 922 2391 unde
935 2353 1030 2392 sccun-

78 2405 146 2459 dum
163 2404 262 2458 fohum
279 2404 391 2457 initium
408 2405 496 2470 capit,
520 2403 595 2457 haud
617 2404 681 2472 plus
698 2419 783 2472 quam
801 2404 856 2458 duo
873 2404 941 2458 folia
956 2406 1031 2459 inter

77 2473 228 2540 utrumque
268 2470 362 2524 eriisse
380 2470 537 2524 existimare
555 2470 629 2524 licet.

146 2537 188 2591 De
206 2488 300 2591 aegaee
319 2537 348 2590 et
369 2539 482 2590 auctore
504 2537 604 2590 horum
626 2537 669 2592 fra
719 2538 848 2593 oritorum
869 2557 972 2609 magna
989 2544 1074 2600 est[5r

77 2605 154 2659 inter
170 2605 244 2658 viros
263 2603 359 2656 doctos
378 2602 521 2667 dissensio,
540 2605 575 2657 de
592 2621 650 2682 qua
661 2555 861 2660 ffimbachius
878 2608 908 2660 in
926 2610 1029 2677 repert.

78 2671 152 2740 Lips.
171 2677 244 2725 1843.
263 2687 291 2738 p.
311 2675 359 2722 146
371 2685 429 2737 seq.
448 2672 478 2723 ct
494 2669 681 2741 Boeclnngius
697 2673 727 2725 in
745 2673 921 2741 praefatione
941 2676 1031 2728 novis·

76 2739 166 2792 ‘simae
183 2737 283 2791 horum
299 2736 521 2803 fragmentorum
544 2738 674 2791 editionis
697 2738 748 2791 sub
771 2739 856 2794 finem
880 2741 946 2794 edit.
966 2742 1030 2809 Ulp.

77 2805 121 2858 fra
172 2845 177 2856 .
216 2804 314 2856 nortae
332 2803 420 2880 (1855)
437 2819 465 2870 p.
479 2809 536 2857 145.
555 2805 665 2872 copiose
684 2807 880 2873 exposuerunt.
909 2806 945 2859 Et
963 2823 1029 2860 sane

78 2872 122 2925 fac
147 2821 283 2924 'necdictu
301 2869 351 2933 est,
370 2883 448 2947 curus
466 2884 500 2945 ea
516 2884 572 2923 non
590 2871 653 2936 sint,
671 2870 739 2947 licet
755 2887 773 2924 a
790 2872 955 2939 quibusdam
969 2889 1029 2948 esse

78 2938 153 2992 dicta
162 2937 274 3001 fuerint,
285 2951 370 3004 quam
379 2951 457 2988 curus
466 2937 530 2988 srnt.
557 2935 682 2989 Primum
693 2939 781 3007 agitur
789 2954 845 2991 non
853 2939 918 2990 sunt
928 2938 1027 3005 Paulli,

78 3021 114 3059 ne
136 3021 170 3059 ue
195 3020 230 3058 ex
251 3002 459 3056 Sententiarum
483 3002 542 3054 eius
564 3018 656 3069 neque
678 3018 712 3056 ex
729 3004 806 3057 libris
824 3004 859 3057 de
876 3005 937 3056 iure
955 3003 1027 3057 fisci:

78 3074 113 3125 ut
160 3087 237 3126 ceam
256 3070 314 3123 eius
331 3068 432 3122 librum
450 3068 620 3137 singularem
632 3068 813 3138 Regularum.
845 3069 906 3122 Non
919 3072 1028 3124 suntex

79 3139 148 3206 illis,
167 3155 232 3192 nam
250 3139 280 3191 et
297 3135 363 3190 ordo
380 3151 473 3188 rerum
492 3134 563 3187 alius
581 3136 631 3198 est,
650 3134 686 3187 dc
703 3151 759 3202 quo
777 3137 834 3189 iarn
851 3135 922 3199 dixi,
962 3137 1028 3189 uod-

79 3223 135 3332 t¹¹3
152 3203 460 3331 ‘effloruerit
478 3199 934 3333 irpittantiis
944 3209 1028 3322 ait·

78 3313 163 3392 aliter
180 3314 210 3392 et
227 3338 284 3390 alio
296 3309 502 3391 Sententiarr'm
531 3307 581 3410 ’oco
595 3332 621 3411 ΙΙ.
641 3338 675 3385 6⁸.
694 3337 718 3395 §-
729 3338 754 3385 2.
773 3305 905 3385 refe’rtnr:
923 3350 979 3410 non
992 3287 1027 3389 gx

78 3404 132 3468 his,
152 3406 284 3481 quoniam
296 3402 410 3458 Paullus
421 3401 454 3455 iis
465 3403 508 3455 ius
520 3399 664 3453 fisc11usto
680 3399 801 3451 tractatu
818 3402 981 3466 exsequitur
998 3404 1028 3455 et

77 3487 205 3589 Hropnas
223 3471 396 3537 aliorumque
414 3468 557 3537 opiniones
573 3466 620 3519 vel
636 3465 837 3533 imperatorum
848 3466 986 3541 rescripta
998 3470 1027 3522 et

98 3539 191 3591 cereta
208 3537 301 3600 refert,
320 3537 399 3589 velut
416 3534 445 3588 L.
457 3541 481 3593 5.
499 3534 538 3599 §t
556 3538 581 3586 5.
601 3538 640 3585 11.
660 3538 697 3584 12.
719 3536 757 3584 15.
775 3533 808 3584 D.
826 3530 862 3583 de
879 3531 932 3600 hrs,
951 3549 1025 3600 quae
