2362 3938
415 198 536 255 ORTUS
553 197 775 258 ALEXANDRI.
1055 201 1098 266 47

78 363 157 428 tatis
182 364 329 448 pergunt
352 362 480 448 exigere
507 363 693 447 tormentis,
721 363 870 449 quisnam
895 385 1005 429 eorum
1028 364 1098 448 ipse

79 450 269 517 Alexander
292 449 387 515 foret.
433 449 496 514 Sed
520 450 557 515 de
580 451 652 536 hoc,
675 455 786 516 utres
810 456 889 537 erat,
911 453 1097 537 negitentes

79 540 233 605 crucibus
258 539 409 605 adfixere.
453 538 516 604 His
544 540 646 624 igitur
673 540 845 605 incentivis
873 541 1097 608 exstimulatus

78 627 270 693 Alexander
284 627 505 711 inruptionem
520 628 631 713 oppidi
650 629 755 694 acrius
776 628 924 713 agitabat
941 632 973 693 et
987 651 1098 695 rursus

78 719 112 782 in
132 717 262 782 somnio
283 715 435 799 Satyrum
456 717 662 800 conspicatur
686 739 790 783 assem
815 717 878 782 sibi
895 720 1006 801 tyrum
1024 738 1125 802 por-s

77 807 244 889 rigentem
272 826 408 888 eumque
431 807 610 890 projectum
639 827 709 871 sese
738 806 876 889 pedibus
899 807 1098 890 protrivisse.

79 894 175 971 Quod
209 893 442 977 interpretibus
475 894 561 958 haud
593 894 724 960 difficile
757 895 790 961 in
823 895 993 960 enodando
1026 895 1097 962 fuit.

79 984 205 1067 Tyrum
239 982 326 1047 enirn
357 983 481 1065 proteri
513 1005 589 1048 mox
620 983 756 1067 pedibus
789 983 910 1049 habere
941 983 1097 1068 principis

79 1071 288 1155 respondere.
333 1069 471 1155 Exque
500 1072 567 1137 sive
596 1072 762 1137 admonitu
791 1073 859 1138 sive
887 1074 1010 1157 impetu
1038 1095 1097 1139 suo

79 1161 258 1245 adgressus
274 1159 427 1243 oppidum
443 1160 665 1225 vehementius
683 1161 770 1246 capit
783 1162 907 1245 pariter
927 1165 1097 1247 aevastat,
1112 1183 1138 1223 ro

79 1249 256 1313 indiscrete
275 1248 355 1313 satis
376 1249 516 1313 sexubus
537 1252 569 1313 et
588 1249 750 1315 aetatibus
769 1250 983 1335 interemptis.
1020 1251 1097 1316 Tres

79 1360 157 1403 vero
182 1337 286 1422 vicos,
312 1358 449 1419 quorum
472 1360 556 1402 navo
581 1338 701 1403 auxilio
726 1339 766 1404 ad
790 1361 922 1423 operam
945 1340 1096 1405 bellicam

79 1449 158 1491 usus
185 1429 268 1510 erat,
296 1426 336 1490 ad
359 1426 616 1511 magnitudinem
644 1427 891 1512 confrequentat
914 1428 1004 1493 urbis
1028 1427 1097 1492 Tri-

78 1515 248 1599 polimque
273 1515 431 1598 appellari
454 1514 553 1579 iubet.
1110 1528 1137 1568 14

173 1601 232 1667 37.
257 1601 362 1687 Tyriis
383 1625 460 1689 ergo
480 1607 646 1688 satrapam
664 1605 811 1688 praeficit
830 1609 927 1688 atque
946 1604 1019 1668 inde
1043 1608 1166 1667 XXXVI.

81 1690 213 1776 Syriam
237 1711 376 1776 pergens
405 1691 522 1777 accipit
543 1693 671 1757 litteras
695 1692 787 1757 Darii
811 1693 928 1757 Persae
956 1693 990 1756 in
1012 1692 1096 1758 hanc
1114 1697 1161 1750 42.

83 1781 283 1846 sententiam
317 1780 471 1864 scriptas:
509 1779 596 1844 ‘Rex
628 1802 742 1865 regum
774 1785 807 1845 et
839 1781 1097 1866 consanguineus

82 1868 216 1935 deorum
242 1890 474 1953 consessorque
498 1869 547 1933 dei
572 1869 711 1935 Mithrae
739 1890 866 1952 unaque
893 1869 998 1933 oriens
1023 1891 1096 1934 cum

82 1959 151 2023 sole
175 1956 296 2022 Darius
324 1958 396 2040 ipse
419 1957 607 2022 Alexandro
635 1958 758 2022 famulo
787 1979 858 2022 meo
886 1957 981 2022 iubeo
1011 1956 1095 2021 dico-

81 2068 142 2131 que
169 2046 259 2110 haee.
306 2044 425 2111 Mando
453 2047 515 2111 tibi
542 2047 660 2112 reverti
687 2047 727 2111 ad
756 2049 905 2130 parentes
934 2049 1022 2130 tuos,
1048 2045 1095 2110 fa·
1110 2069 1137 2109 ao

81 2136 189 2199 mulos
215 2134 339 2198 scilieet
362 2157 465 2214 meos,
492 2139 588 2219 atque
610 2135 679 2200 illic
701 2136 735 2199 in
758 2135 883 2219 gremio
907 2134 1020 2200 matris
1044 2157 1095 2200 eu-

82 2225 215 2288 bantem
237 2223 344 2288 doceri
363 2223 455 2288 virile
476 2223 631 2311 officium:
663 2223 714 2288 Ad
733 2246 831 2309 quam
850 2245 918 2288 rem
936 2223 1096 2289 habenam

83 2311 269 2395 Scythicam
292 2311 355 2375 tibi
383 2315 416 2376 et
444 2313 542 2396 pilam
566 2312 754 2397 loculosque
780 2335 853 2378 cum
877 2313 982 2378 aureis
1006 2313 1097 2377 misi:

83 2422 221 2485 quorum
254 2400 382 2464 habena
414 2401 566 2465 admonet
598 2406 630 2466 te
663 2401 853 2486 disciplinae
882 2402 983 2467 videri
1014 2401 1095 2466 indi-

82 2494 223 2574 gentem,
246 2489 311 2572 pila
334 2511 420 2573 vero,
447 2490 533 2574 quod
557 2489 625 2554 eius
649 2495 809 2576 congruat
830 2513 903 2558 cum
926 2494 984 2555 tua
1008 2495 1095 2555 aeta·
1109 2515 1136 2556 au

81 2579 149 2643 tula
174 2577 340 2662 lusitatio,
368 2599 433 2643 non
461 2578 540 2643 haec
569 2600 680 2663 opera,
708 2602 805 2663 quam
830 2580 1096 2645 latrocinantium

81 2669 146 2730 ritu
167 2688 240 2732 cum
266 2665 331 2730 tuis
356 2666 516 2731 similibus
541 2688 575 2731 es
599 2667 780 2753 adgressus.
821 2667 934 2752 Neque
959 2668 1097 2733 enimsi

81 2777 175 2819 omne
210 2753 366 2819 eiusmodi
395 2755 564 2820 homiuum
592 2777 694 2841 genus
723 2756 764 2822 ad
790 2760 824 2822 te
850 2757 922 2841 pari
949 2756 1095 2840 despera·

168 2928 397 2997 2negitantibus
408 2930 442 2983 P.
480 2930 545 2983 oin
563 2929 779 2986 somnisEberb.
807 2933 933 2985 saturum
947 2931 982 2985 A.
1003 2931 1094 2984 satur·

81 3017 145 3054 num
167 3002 201 3053 P.
240 3016 330 3055 assem
351 3001 405 3053 sibi
423 3001 508 3068 τυροῦ
527 3000 717 3070 porrigentem
735 3002 807 3056 Mai.
840 3018 930 3055 assem
953 2999 1007 3053 sibi
1029 3016 1093 3068 por-

81 3071 414 3209 ffruu
428 3070 487 3195 rr
505 3089 581 3199 pru
597 3072 741 3197 ticli
757 3069 1093 3207 {hermerus

80 3160 239 3267 perndiomox
252 3213 370 3281 pedibus
384 3214 438 3267 teri
452 3159 588 3283 priiicipis
602 3186 770 3284 respondere
784 3159 977 3282 [inciperes]
991 3208 1093 3263 Eberh.

81 3290 111 3337 11
132 3282 366 3365 indiscreteMai.
386 3283 624 3340 indiscretaA.P.
683 3290 716 3337 12
736 3281 920 3336 navoEberh.
940 3279 1003 3333 navi
1014 3277 1049 3332 Α.
1060 3278 1093 3334 Ρ.

81 3362 112 3409 13
132 3354 409 3494 urdllmlsswpergens
424 3424 499 3479 ΛΡ.
523 3427 622 3494 petens
641 3425 742 3480 Eberlu
781 3427 814 3476 18
834 3436 1038 3488 consensorque
1057 3421 1093 3476 A.

79 3501 112 3551 22
133 3494 177 3550 nd
197 3497 270 3549 hanc
288 3513 347 3550 rem
368 3497 402 3551 P.
444 3501 479 3549 27
497 3496 579 3550 uerba
598 3492 871 3550 ‘ritu-bominum’
892 3492 990 3548 dauns
1007 3493 1039 3549 iu
1060 3494 1094 3548 P.

80 3573 114 3621 28
135 3565 332 3635 desperatione
351 3567 385 3621 P.
415 3564 621 3634 conspiratione
640 3582 709 3622 corr.
728 3582 761 3621 ec
779 3561 968 3634 despiratione
987 3565 1023 3620 A.
