2362 3938
122 203 187 268 130
467 199 496 256 0.
514 200 652 256 Vanum
668 197 799 255 rudunt

116 353 263 431 defuerit3
286 368 352 410 mos
374 351 456 410 iussa
477 352 540 430 pati
562 366 618 409 nec
641 348 749 409 cedere
773 348 867 421 duris.
985 389 987 392 -
1098 358 1125 408 15
1172 348 1178 385 ³

120 458 215 504 untnn
238 458 305 519 oro,
328 457 382 499 seu
405 457 453 498 me
476 438 526 498 illa
549 440 612 498 suis
635 455 721 516 seges
745 435 860 497 obruet
878 434 982 516 hastis,

119 531 238 591 hauriet
261 527 388 588 aduerso
412 545 467 587 seu
489 528 639 587 crastinus
656 527 735 604 ignis
757 525 850 605 hiatu,

121 620 246 681 nuntius
269 616 338 676 hinc
362 633 467 676 saeuas
489 614 587 675 Peliae
602 617 745 675 ‘mittatur
768 613 805 674 ad
827 631 927 695 aures,

121 708 170 768 hic
194 707 320 786 periisse
344 705 440 784 uiroc,
463 710 494 764 et
516 721 578 785 mc,
602 705 627 763 si
650 711 752 764 uestra
775 703 885 762 fuisset

122 795 181 858 ulla
204 793 293 873 tides,
316 792 459 853 reducem
480 793 593 870 patriae
615 793 749 870 potuisse
773 785 904 851 referri’.
1087 803 1132 852 100

167 880 290 943 'l'alihus
313 882 454 942 attonitos
477 880 566 940 dictis
589 887 746 958 natamque
769 885 946 959 patremque

122 972 230 1050 linquit
253 977 283 1030 et
305 969 395 1029 infida
417 985 561 1047 praeceps
584 969 752 1047 prorumpit
775 966 811 1027 ab
834 966 909 1028 aulo.

124 1069 153 1120 at
176 1058 291 1136 trepida
310 1065 340 1117 et
363 1056 477 1116 medios
499 1058 579 1116 inter
602 1057 721 1118 deserta
743 1064 886 1136 parentes

123 1149 209 1225 uirgo
233 1145 313 1225 silet,
336 1163 393 1204 uec
416 1145 473 1204 fixa
496 1144 558 1204 solo
583 1162 707 1205 seruam
728 1161 890 1223 parumper

122 1234 233 1294 lumina
260 1250 315 1291 nec
339 1233 437 1310 potuit
460 1238 589 1292 maestos
612 1251 673 1293 non
696 1233 817 1293 flectere
841 1231 960 1312 uultum
1090 1244 1136 1294 105

122 1322 314 1400 respexitque
335 1319 417 1378 fores
440 1326 470 1379 et
493 1319 590 1380 adhuc
612 1322 729 1382 inuenit
753 1328 886 1399 euntem3

123 1413 206 1472 elisus
230 1416 261 1469 et
282 1407 342 1468 heu
365 1409 490 1468 miserae
513 1415 587 1469 tunc
609 1409 765 1488 pulchrior
787 1408 898 1487 hospes
919 1412 1033 1471 amanti

123 1497 293 1578 discedens3
316 1496 391 1558 tales
414 1515 548 1578 umeros,
572 1515 607 1557 ea
629 1506 713 1577 terga
736 1497 886 1575 relinquit.

122 1587 172 1648 illa
195 1587 317 1648 domum
340 1586 435 1665 adque
457 1589 539 1665 ipsos
561 1586 683 1665 paulum
705 1585 869 1665 procedere
891 1593 995 1664 postes

124 1684 219 1757 optat,
243 1683 272 1736 at
294 1675 434 1736 ardentes
456 1683 540 1736 tenet
561 1678 640 1735 intra
661 1674 763 1735 limina
785 1692 917 1753 gressus.
1091 1686 1139 1736 111

124 1764 220 1842 qualis
244 1763 295 1824 uhi
318 1771 466 1824 extremas
488 1762 520 1823 lo
543 1781 618 1843 uaga
641 1766 732 1824 sentit
749 1763 875 1825 harenas
947 1812 952 1820 .

126 1853 244 1930 fertque
268 1852 420 1930 refertque
443 1851 562 1932 pedem,
586 1852 700 1914 tumido
724 1869 813 1930 quam
836 1853 915 1929 cogit
937 1849 1049 1932 Erinys

123 1943 167 2000 ire
191 1941 266 2000 mari
293 1938 477 2019 Phariaeque
499 1949 610 2002 uocant
631 1949 715 2002 trans
738 1958 868 2020 aequora
889 1947 1017 2002 metrosa

124 2030 232 2089 circuit
253 2028 326 2089 haut
349 2028 432 2088 aliter
456 2028 630 2109 foribusque
653 2028 796 2108 inpendet
819 2031 941 2108 apertis,

124 2136 161 2178 an
184 2117 289 2177 melior
312 2116 425 2196 Minyas
447 2126 571 2179 reuocet
593 2126 692 2199 pater3
716 2136 827 2196 oraque
850 2134 979 2178 cernens
1090 2129 1140 2179 115

123 2206 249 2285 hospitis
273 2213 324 2265 aut
346 2205 409 2266 solo
432 2214 546 2267 maeret
568 2207 690 2268 defecta,
707 2205 798 2267 cuhili

124 2302 175 2355 aut
197 2295 282 2354 uenit
303 2295 335 2352 in
359 2313 443 2354 carae
467 2296 614 2374 gremium
636 2295 807 2374 refugitque
830 2297 943 2355 sororis

101 2411 103 2419 .
123 2382 218 2460 adque
242 2381 325 2460 loqui
348 2391 453 2444 conata
475 2383 555 2463 silet3
578 2401 744 2461 rursusque
768 2384 913 2445 recedens

125 2472 254 2549 quaerit,
277 2477 312 2530 ut
334 2470 438 2530 Aeaeis
460 2470 570 2549 hospes
593 2472 763 2533 consederit
785 2474 847 2532 oris

124 2555 266 2636 Phrixus,
289 2565 323 2616 ut
346 2557 449 2636 aligeri
473 2557 579 2618 Circen
600 2577 730 2638 rapuere
753 2561 906 2621 dracones.
1090 2572 1141 2622 120

122 2651 187 2704 tum
210 2645 352 2706 comitum
374 2647 444 2706 trinu
467 2646 578 2706 fruitur
600 2649 768 2708 miseranda
791 2667 913 2709 suarum

121 2731 289 2811 inplerique
312 2735 429 2814 nequit3
452 2732 611 2813 subitoque
629 2736 926 2814 parentibushaeret

122 2820 258 2882 blandior
281 2828 312 2881 et
333 2824 446 2900 patriae
470 2823 644 2885 circumfert
667 2825 768 2886 oscula
790 2826 921 2889 dextrae.

123 2912 166 2969 sic
190 2910 312 2971 adsueta
334 2913 409 2972 toris
433 2919 463 2972 11
485 2930 605 2973 mensae
629 2912 725 2974 dulcis
748 2915 821 2995 erili,

123 3015 210 3078 aegra
233 3017 311 3059 noua
333 3001 392 3059 iam
414 3009 499 3081 peste
523 3005 605 3062 canis
628 3001 770 3082 rabieque
794 3004 903 3085 futura,
1089 3013 1141 3062 115

122 3093 190 3146 ante
216 3087 315 3165 fugam
338 3096 418 3151 totos
441 3089 548 3150 lustrat
572 3090 757 3170 queribunda
779 3100 912 3171 penates.

120 3174 241 3234 tandem
265 3178 353 3236 etiam
376 3177 457 3237 molli
481 3186 575 3238 semet
598 3182 642 3240 sic
664 3183 801 3259 increpat
823 3183 876 3242 ira.

121 3255 254 3342 ‘pergis'
278 3266 319 3323 ait
342 3259 485 3346 ‘demens
508 3273 597 3345 teque
621 3267 702 3329 illius
724 3271 806 3347 angit
828 3271 925 3348 imago

122 3365 263 3430 curaque,
287 3353 338 3429 qui
360 3354 486 3432 profuga
505 3354 605 3414 forsan
629 3363 712 3416 tenet
734 3357 792 3416 alta
815 3360 915 3416 carina

120 3436 231 3512 quique
255 3456 360 3498 meum,
377 3444 488 3519 patrias
511 3442 623 3502 referet
645 3461 702 3504 nec
725 3461 834 3504 nomen
857 3442 893 3501 ad
917 3439 1032 3510 urbes?
1088 3455 1140 3504 130

121 3522 193 3600 quid
216 3541 263 3582 me
287 3534 387 3586 autem
410 3531 453 3588 sic
475 3527 524 3588 ille
548 3539 663 3611 mouet,
687 3536 857 3608 superetnc-
870 3526 988 3589 labores
