2362 3938
121 213 164 279 26
450 239 456 249 ·
552 212 661 268 LIBER
678 213 700 269 Ι.

120 376 231 442 iuriae.
271 373 371 461 Agite
394 376 503 460 igitur,
527 377 657 462 quaeso,
680 378 756 460 post
779 375 861 439 iram
880 374 1134 460 integrationem

120 464 302 551 coniugalis
327 463 480 530 adfectus.
526 464 596 530 Neo
621 467 664 529 sit
687 463 885 547 pudendum,
909 463 937 527 si
960 463 1047 528 filius
1074 465 1133 529 sim

119 551 311 637 parentibus
335 552 524 638 copulator?
571 554 632 617 His
656 553 751 618 dictis
778 553 946 634 impetrat,
976 552 1063 636 quod
1091 552 1135 616 la·

120 643 229 725 borat,
257 642 354 727 idque
377 644 407 706 ei
430 643 565 726 largiter
588 641 673 723 apud
696 661 810 704 omnes
834 640 960 724 patriae
984 662 1132 723 proceres

84 749 107 790 a
122 732 208 796 bono
228 731 401 796 admodum
419 730 607 794 testimonio
625 729 697 793 fuit.
734 728 844 792 Placet
862 727 999 812 denique
1015 728 1133 813 Lysiae

119 841 239 885 nomen
257 819 483 904 coniugalibus
497 818 615 882 ritibus
633 817 667 881 in
682 819 874 900 perpetuum
895 819 1027 900 aboleri,
1047 818 1132 902 quod

120 908 296 992 appellatio
320 907 378 971 illa
397 904 551 971 solutioni
575 907 682 990 coepti
701 927 774 969 cum
794 902 971 988 Cleopatra
994 907 1130 990 centupli

120 997 302 1061 oonivisset.

210 1082 267 1149 lo.
291 1083 405 1147 Athis
424 1082 525 1146 ferme
545 1081 668 1166 diebus,
687 1081 804 1165 quibus
822 1081 903 1146 haec
923 1085 995 1147 acta
1015 1083 1063 1147 vi·
1087 1087 1180 1145 XXIII.

78 1191 105 1232 ιο
119 1172 287 1254 dabantur,
301 1171 475 1235 descivisse
490 1171 645 1254 obsequio
660 1169 819 1234 Mothone
833 1171 948 1235 civitas
963 1172 1131 1235 nuntiaba-
1148 1173 1173 1224 8·

117 1263 179 1325 tur.
221 1259 272 1323 Ad
295 1280 393 1342 quam
417 1259 527 1325 animo
546 1258 717 1343 Philippus
741 1259 906 1342 incitatus,
930 1280 1003 1322 cum
1028 1259 1132 1323 adhuc

117 1347 241 1412 viribus
270 1349 413 1431 corporis
445 1348 646 1425 deficeretur,
674 1347 836 1430 optimum
859 1352 949 1411 ratus
974 1347 1131 1412 ultionem

117 1457 183 1501 non
214 1435 397 1515 distulisse,
429 1456 600 1500 numerum
630 1435 687 1520 qui
716 1435 800 1500 forte
831 1435 961 1500 adesset
990 1437 1131 1501 militum

119 1524 233 1591 ducere
248 1523 469 1589 Alexandrum
488 1524 587 1608 iubet,
605 1523 700 1608 idque
717 1524 904 1589 adolescens
918 1527 1132 1608 properanter

79 1631 104 1673 1s
119 1615 304 1698 exsequitur
317 1613 568 1699 diligenterque3
587 1614 756 1678 subactam
776 1614 863 1677 enim
876 1615 1130 1697 populatamque

118 1703 158 1766 ad
177 1703 339 1768 vindictae
359 1703 610 1768 ostentationem
629 1703 750 1786 raptim
769 1702 960 1767 Mothonem
984 1723 1130 1767 reversus

117 1791 296 1857 adnuntiat.
340 1790 403 1857 Sed
427 1794 512 1857 enim
536 1815 608 1857 oum
631 1792 688 1856 illo
712 1790 818 1856 reditu
841 1790 879 1854 de
902 1789 1060 1854 Mothone
1083 1792 1130 1853 in·
1149 1802 1173 1853 9.

117 1899 249 1964 gressus
273 1881 314 1947 ad
337 1884 464 1965 patrem
488 1881 586 1960 foret,
614 1881 703 1946 videt
728 1881 775 1944 ibi
799 1879 992 1944 adsistentes
1016 1877 1130 1943 habitu

116 1969 256 2034 barbaro
285 1970 373 2035 viros
405 1974 682 2054 percunctansque
713 1968 863 2052 agnoscit
890 1967 1009 2031 Persae
1038 1966 1130 2031 Darii

76 2076 104 2116 ao
119 2061 281 2142 satrapas3
306 2080 438 2122 causam
458 2060 570 2121 tamen
589 2057 745 2122 adventus
770 2077 850 2138 esse,
873 2055 960 2138 quod
983 2076 1022 2117 ex
1041 2077 1130 2120 mora

115 2145 185 2228 regi
213 2147 351 2227 petitum
379 2146 530 2228 pecunias
560 2167 579 2207 a
606 2143 759 2225 Philippo
783 2143 960 2222 venissent,
988 2144 1130 2222 pretium

116 2232 240 2295 scilicet
264 2253 365 2314 aquae
390 2237 486 2316 atque
509 2237 627 2314 terrae3
654 2231 707 2294 his
733 2229 819 2292 enim
842 2227 1029 2291 nominibus
1054 2231 1129 2293 sub-

114 2319 215 2382 iectos
240 2319 376 2402 obsequi
404 2320 466 2383 sibi
489 2320 608 2382 Persae
631 2318 818 2401 deposcunt.
864 2313 1001 2378 Miratus
1025 2315 1129 2399 igitur

115 2406 297 2471 Alexander
327 2411 360 2470 et
387 2406 519 2489 petendi
545 2427 670 2471 morem
698 2409 731 2470 et
756 2403 900 2467 titulum:
929 2400 1129 2489 ‘Haeccine’

75 2513 101 2554 ss
114 2494 233 2579 inquit,
262 2493 440 2560 ‘elementa
468 2495 585 2560 Persae
612 2491 805 2559 mortalibus
833 2491 1017 2578 venditant,
1046 2517 1128 2577 quae

115 2583 239 2647 cunctis
259 2583 337 2648 deus
356 2583 390 2646 in
409 2604 578 2648 commune
597 2583 736 2667 largitus
758 2581 846 2646 est?'
889 2580 1031 2647 Dolebat
1050 2604 1128 2667 ergo

114 2671 275 2755 altiusque
299 2671 532 2736 adolescentuli
550 2671 618 2736 vim
639 2670 802 2755 carpebat,
826 2671 911 2755 quod
930 2672 992 2736 viri
1012 2670 1128 2737 Graeci

114 2759 256 2825 nominis
280 2783 317 2825 ac
341 2759 509 2843 dignitatis
528 2759 705 2845 vectigales
729 2761 877 2825 barbaris
896 2761 1023 2844 fierent,
1047 2783 1128 2844 quae

113 2871 165 2913 res
194 2852 281 2914 esset
307 2848 522 2933 pendentibus
551 2849 671 2932 iugiter
701 2848 742 2913 ad
770 2850 996 2934 magisterium
1027 2852 1128 2912 servi-

95 3038 98 3041 ·
204 3010 219 3060 5
247 3007 321 3060 bono
337 3037 370 3046 -
384 3003 546 3059 testimonio
574 3004 650 3060 ΑΡ.
707 3006 812 3060 bonum
828 3001 1070 3059 -testimoninm
1099 3008 1125 3057 Τ.

114 3077 214 3147 Lysiae
232 3093 282 3133 om.
304 3079 338 3130 P.
450 3081 464 3130 'I
486 3073 626 3131 solutione
644 3077 680 3130 A.
708 3076 834 3146 coniugii
851 3075 1002 3130 conivissat
1018 3074 1125 3140 smper.

115 3149 292 3204 convivasset
314 3165 383 3204 corr.
407 3164 440 3202 cc
465 3145 635 3202 convixisset
652 3147 689 3202 A.
717 3147 870 3202 oonivisset
888 3146 920 3200 P.
959 3142 1126 3198 solutionem

115 3219 191 3289 capti
211 3219 322 3275 convivi
340 3237 403 3274 eum
422 3218 571 3286 Cleopatra
589 3217 702 3272 fecisset
719 3224 747 3271 T.

204 3290 253 3345 16.
287 3296 321 3345 10
339 3290 474 3345 Mothone
492 3295 519 3344 Τ,
548 3289 682 3343 Methana
699 3289 735 3342 A.
763 3286 879 3341 Motene
896 3285 928 3339 P.
1025 3290 1057 3336 12
1078 3284 1124 3336 de-

113 3359 210 3415 ficeret
227 3362 263 3417 A.
338 3367 370 3415 15
390 3363 419 3416 et
436 3358 588 3430 diligenter
605 3366 632 3413 T.
666 3360 832 3414 subauctam
851 3356 884 3411 P.
959 3360 991 3407 19
1011 3370 1126 3423 percon·

113 3432 278 3498 tansquaA.
299 3431 443 3500 cognoscit
452 3432 486 3486 P.
526 3436 560 3484 21
579 3430 640 3498 regi
648 3437 676 3484 T.
684 3430 717 3485 P.
737 3427 815 3498 ragio
825 3427 861 3482 A.
903 3431 937 3480 24
955 3424 1079 3480 Haecine
1090 3425 1126 3479 A.

113 3504 147 3552 25
166 3501 300 3555 elimenta
318 3507 353 3556 A.
440 3509 474 3557 2¹1
494 3501 552 3556 vim
570 3501 648 3556 A.P.
676 3501 800 3554 animum
817 3498 920 3553 Eberb.
1008 3503 1041 3551 29
1060 3512 1125 3564 pen·

114 3569 244 3625 dentibus
263 3572 349 3626 Mori*¹
377 3575 424 3642 (ex
445 3573 518 3641 P?);
547 3570 709 3640 petentibus
727 3570 802 3626 A.P.
