2370 3938
95 187 140 251 44
421 178 764 236 culmensem

78 335 201 414 clangor
224 344 254 397 et
277 352 313 394 ex
337 333 418 393 omni
440 336 609 390 sonuerunt
630 346 750 390 cornua
774 330 889 413 suleo3

79 423 217 485 bellatrix
239 432 313 485 tunc
336 419 421 500 gleba
444 419 528 497 quati
549 418 725 497 padusque
749 423 862 480 creari

83 514 253 592 armarique
276 509 402 591 phalanx
424 508 556 585 totisque
578 507 740 584 insurgere
764 511 903 589 campis

81 603 174 662 cessit
196 599 286 661 etad
308 599 407 659 socios
429 595 552 676 paulum
575 612 608 654 se
630 593 751 655 rettuht
773 595 877 658 heros

81 691 255 770 opperiens,
277 687 329 748 uhi
351 687 447 765 prinu
470 683 528 744 sihi
550 682 636 743 daret
657 685 779 762 agmina
801 685 916 748 tellus.
1052 692 1074 743 tt

82 786 113 839 at
135 796 211 838 uero
232 785 267 838 ut
290 776 415 836 summis
437 775 496 834 iam
519 790 591 832 rura
612 771 758 832 recedere
782 776 898 836 cristis

82 865 159 927 uidit
181 874 212 926 et
234 865 343 926 infesta
365 862 520 923 uibrantes
542 859 656 921 casside
680 867 789 941 terras,

83 953 202 1015 aduolat
224 962 314 1033 atque
337 955 398 1012 imo
420 949 511 1011 tellus
533 967 592 1028 qua
613 950 748 1028 proxima
772 948 858 1011 collo

83 1042 212 1103 necdum
235 1043 332 1102 umeri
355 1040 459 1100 uidere
477 1037 557 1099 diem
578 1040 662 1117 prior
679 1055 753 1099 ense
778 1043 906 1103 secanti

83 1138 191 1208 aequat
212 1128 303 1190 humo
326 1137 463 1208 truncos3
486 1126 610 1187 rutilum
634 1125 755 1187 thoraca
779 1126 922 1191 leuantis
1052 1136 1074 1186 ta

84 1226 135 1277 aut
156 1219 268 1295 primas
291 1234 326 1276 ec
349 1224 443 1276 matre
467 1233 573 1277 manus
594 1216 704 1294 premit
725 1213 842 1276 obuius
869 1227 953 1279 ante.

85 1321 141 1364 nec
163 1306 257 1382 magis
280 1312 331 1364 aut
354 1302 412 1363 illis
436 1311 488 1364 aut
509 1303 568 1364 illis
590 1301 711 1364 milibus
731 1303 815 1364 ultra

84 1391 208 1475 suflicit,
231 1392 267 1453 ad
291 1392 372 1453 dirae
396 1409 485 1471 quam
508 1411 577 1453 cum
599 1391 773 1471 Tirynthius
797 1392 921 1472 hydrae

84 1484 200 1561 agmina
222 1480 369 1542 Palladios
392 1479 529 1542 delessus
551 1481 676 1560 respicit
696 1481 793 1559 ignes.

83 1588 155 1650 ergo
178 1572 288 1632 iterum
310 1569 346 1631 ad
370 1571 466 1630 socias
488 1576 666 1629 conuertere
690 1567 852 1630 Colchidos
878 1580 974 1653 artes,
1051 1577 1074 1627 ti

85 1666 117 1719 et
138 1658 238 1738 galeae
261 1677 356 1719 nexus
379 1676 413 1718 ao
437 1656 557 1719 uincula
580 1657 704 1737 dissipat
725 1659 814 1740 imae,

84 1754 302 1826 cunctaturque
325 1754 424 1807 tamen
447 1748 561 1825 totique
585 1763 745 1806 occumere
767 1743 851 1807 hello

84 1836 148 1913 ipse
171 1837 268 1916 cupit;
291 1853 359 1914 spes
383 1833 463 1895 nulla
486 1833 586 1915 datur,
609 1836 652 1894 sio
675 1833 809 1913 undique
834 1835 974 1900 densant

83 1925 251 2002 terrigenae
270 1925 329 1984 iam
352 1925 435 2002 signa
458 1923 565 2003 duces,
587 1920 757 2001 clamorque
779 1921 953 2004 tubaeque.

83 2014 200 2091 iamque
224 2030 328 2072 omnes
351 2010 470 2071 suhiere
494 2013 608 2091 rurum,
630 2013 747 2089 iamque
771 2014 874 2072 omnia
902 2023 1008 2077 contra
1051 2022 1074 2073 tt

84 2100 142 2161 tela
165 2100 275 2161 nolant.
321 2108 385 2160 tum
407 2116 481 2160 uero
505 2117 606 2160 amens
630 2099 801 2159 discrimine
827 2107 927 2184 tanto,

83 2207 172 2267 quam
195 2188 282 2248 modo
306 2188 449 2248 Tartareo
472 2187 585 2266 galeam
607 2187 709 2248 Medea
732 2205 853 2247 ueneno

84 2451 179 2530 qualis
202 2451 254 2511 ubi
277 2454 418 2511 attonitos
440 2459 569 2513 maestae
593 2451 723 2530 Phrygas
747 2469 846 2512 annua
870 2453 981 2517 Matris
1051 2464 1074 2514 tt

83 2541 127 2597 ira
150 2537 199 2597 uel
222 2546 341 2598 exectos
365 2537 474 2600 lacerat
496 2541 616 2601 Bellona
639 2548 783 2601 comatos:

84 2625 162 2685 haud
187 2643 273 2685 secus
297 2644 436 2688 accensas
460 2628 558 2690 subito
582 2628 683 2689 Medea
706 2628 847 2688 cohortes

84 2713 215 2793 imphcat
237 2723 267 2775 et
290 2717 415 2777 miseros
438 2720 499 2797 agit
520 2720 552 2778 in
575 2736 628 2778 sua
650 2715 761 2796 proelia
785 2717 907 2779 fratres.

84 2805 180 2863 omnis
202 2802 244 2863 ihi
267 2803 434 2865 Aesoniden
458 2809 551 2867 sterni
573 2814 670 2886 putat,
694 2804 832 2865 omuibus
855 2808 902 2867 ira

83 2891 150 2952 talis
174 2901 245 2953 erat.
292 2901 392 2975 stupet
414 2894 521 2955 Aeetes
544 2894 684 2972 ultroque
707 2893 842 2953 furentes
1052 2906 1074 2955 at

83 2982 147 3058 ipse
171 2984 253 3042 uiros
277 3000 420 3043 reuocare
443 2985 539 3063 cupit,
563 2983 614 3043 sed
639 2990 744 3042 cuncta
767 2980 907 3046 iacebant

84 3072 215 3149 agintina,
238 3088 294 3130 uec
318 3073 475 3149 quisquam
497 3073 612 3150 primus
635 3073 696 3131 ruit
719 3077 769 3130 aut
793 3088 887 3149 super
911 3073 996 3135 ullus

84 3156 243 3239 linquitur,
267 3167 355 3237 atque
378 3158 477 3219 hausit
500 3158 597 3219 subito
622 3178 674 3220 sua
698 3159 803 3218 funera
827 3159 928 3222 tellus.

128 3245 269 3308 Protinus
292 3249 324 3307 in
346 3247 471 3308 fluuium
494 3247 675 3309 fumantibus
699 3245 797 3308 euolat
819 3251 913 3308 armis

84 3332 258 3416 Aesonides
282 3335 377 3413 qualis
400 3334 503 3395 Getico
526 3336 563 3396 de
586 3336 710 3415 puluere
734 3334 853 3396 Mauors
1051 3349 1074 3398 ot

85 3420 176 3480 intrat
198 3425 284 3500 equis
306 3423 463 3502 hauritque
487 3427 587 3504 grauis
606 3423 764 3485 sudoribus
787 3422 939 3506 llehrum;

85 3514 136 3565 aut
157 3509 242 3586 niger
265 3529 301 3570 ex
324 3514 416 3584 antris
440 3512 581 3592 rutilique
604 3533 621 3573 a
644 3512 774 3573 fulminis
798 3520 881 3573 aestu
