<?xml version="1.0" encoding="UTF-8"?>
<!DOCTYPE html PUBLIC "-//W3C//DTD XHTML 1.0 Transitional//EN"
    "http://www.w3.org/TR/xhtml1/DTD/xhtml1-transitional.dtd">
<html xmlns="http://www.w3.org/1999/xhtml" xml:lang="en" lang="en">
 <head>
  <title>
</title>
<meta http-equiv="Content-Type" content="text/html;charset=utf-8" />
  <meta name='ocr-system' content='tesseract 3.04.00' />
  <meta name='ocr-capabilities' content='ocr_page ocr_carea ocr_par ocr_line ocrx_word'/>
</head>
<body>
  <div class='ocr_page' id='page_1' title='image "./domitiivlpianiq00huscgoog/domitiivlpianiq00huscgoog_0258.png"; bbox 0 0 2376 3938; ppageno 0'>
   <div class='ocr_carea' id='block_1_1' title="bbox 382 195 1074 265">
    <p class='ocr_par' dir='ltr' id='par_1_1' title="bbox 382 195 1074 265">
     <span class='ocr_line' id='line_1_1' title="bbox 382 195 1074 265; baseline 0.022 -15"><span class='ocrx_word' id='word_1_1' title='bbox 382 195 510 252; x_wconf 81' lang='lat' dir='ltr'>OBITUS</span> <span class='ocrx_word' id='word_1_2' title='bbox 528 195 752 254; x_wconf 69' lang='lat' dir='ltr'><strong>muxnnoal.</strong></span> <span class='ocrx_word' id='word_1_3' title='bbox 1010 199 1074 265; x_wconf 84' lang='lat'><strong>135</strong></span> 
     </span>
    </p>
   </div>
   <div class='ocr_carea' id='block_1_2' title="bbox 54 357 1134 3011">
    <p class='ocr_par' dir='ltr' id='par_1_2' title="bbox 54 357 1134 3011">
     <span class='ocr_line' id='line_1_2' title="bbox 58 357 1073 443; baseline -0.001 -16"><span class='ocrx_word' id='word_1_4' title='bbox 58 360 206 427; x_wconf 87' lang='lat' dir='ltr'><strong>adhaec</strong></span> <span class='ocrx_word' id='word_1_5' title='bbox 232 379 302 425; x_wconf 79' lang='lat' dir='ltr'><strong>cum</strong></span> <span class='ocrx_word' id='word_1_6' title='bbox 326 357 467 443; x_wconf 90' lang='lat' dir='ltr'><strong>primum</strong></span> <span class='ocrx_word' id='word_1_7' title='bbox 490 362 565 424; x_wconf 90' lang='lat' dir='ltr'><strong>ortu</strong></span> <span class='ocrx_word' id='word_1_8' title='bbox 594 359 673 424; x_wconf 86' lang='lat' dir='ltr'><strong>solis</strong></span> <span class='ocrx_word' id='word_1_9' title='bbox 701 360 758 426; x_wconf 87' lang='lat' dir='ltr'><strong>lux</strong></span> <span class='ocrx_word' id='word_1_10' title='bbox 783 360 905 428; x_wconf 92' lang='lat' dir='ltr'><strong>mundo</strong></span> <span class='ocrx_word' id='word_1_11' title='bbox 928 366 980 428; x_wconf 85' lang='lat' dir='ltr'><strong>eet</strong></span> <span class='ocrx_word' id='word_1_12' title='bbox 1002 362 1073 428; x_wconf 91' lang='lat' dir='ltr'><strong>red·</strong></span> 
     </span>
     <span class='ocr_line' id='line_1_3' title="bbox 57 447 1073 534; baseline 0.002 -19"><span class='ocrx_word' id='word_1_13' title='bbox 57 450 138 528; x_wconf 84' lang='lat' dir='ltr'><strong>dita,</strong></span> <span class='ocrx_word' id='word_1_14' title='bbox 162 470 201 513; x_wconf 83' lang='lat' dir='ltr'><strong>ex</strong></span> <span class='ocrx_word' id='word_1_15' title='bbox 224 448 342 513; x_wconf 83' lang='lat' dir='ltr'><strong>vertice</strong></span> <span class='ocrx_word' id='word_1_16' title='bbox 366 447 492 512; x_wconf 90' lang='lat' dir='ltr'><strong>arboris</strong></span> <span class='ocrx_word' id='word_1_17' title='bbox 516 450 611 514; x_wconf 87' lang='lat' dir='ltr'><strong>acuta</strong></span> <span class='ocrx_word' id='word_1_18' title='bbox 633 448 792 532; x_wconf 78' lang='lat' dir='ltr'>quaedam</span> <span class='ocrx_word' id='word_1_19' title='bbox 810 470 883 534; x_wconf 82' lang='lat' dir='ltr'><strong>vox,</strong></span> <span class='ocrx_word' id='word_1_20' title='bbox 906 450 963 516; x_wconf 92' lang='lat' dir='ltr'><strong>sed</strong></span> <span class='ocrx_word' id='word_1_21' title='bbox 986 452 1073 517; x_wconf 88' lang='lat' dir='ltr'><strong>enim</strong></span> 
     </span>
     <span class='ocr_line' id='line_1_4' title="bbox 57 533 1073 626; baseline 0.002 -23"><span class='ocrx_word' id='word_1_22' title='bbox 57 537 240 604; x_wconf 89' lang='lat' dir='ltr'><strong>discrebilis</strong></span> <span class='ocrx_word' id='word_1_23' title='bbox 260 540 293 602; x_wconf 91' lang='lat' dir='ltr'><strong>et</strong></span> <span class='ocrx_word' id='word_1_24' title='bbox 310 535 524 620; x_wconf 87' lang='lat' dir='ltr'><strong>intelligenda</strong></span> <span class='ocrx_word' id='word_1_25' title='bbox 542 535 589 601; x_wconf 86' lang='lat' dir='ltr'><strong>sio</strong></span> <span class='ocrx_word' id='word_1_26' title='bbox 607 535 745 622; x_wconf 88' lang='lat' dir='ltr'><strong>adpulit:</strong></span> <span class='ocrx_word' id='word_1_27' title='bbox 769 534 955 620; x_wconf 76' lang='lat' dir='ltr'><strong>‘completa</strong></span> <span class='ocrx_word' id='word_1_28' title='bbox 975 533 1073 626; x_wconf 79' lang='lat' dir='ltr'><strong>sunt‚’</strong></span> 
     </span>
     <span class='ocr_line' id='line_1_5' title="bbox 58 623 1073 712; baseline 0.002 -20"><span class='ocrx_word' id='word_1_29' title='bbox 58 627 175 712; x_wconf 82' lang='lat' dir='ltr'><strong>inquit,</strong></span> <span class='ocrx_word' id='word_1_30' title='bbox 185 623 259 690; x_wconf 75' lang='lat' dir='ltr'><strong>‘tibi</strong></span> <span class='ocrx_word' id='word_1_31' title='bbox 268 624 356 688; x_wconf 82' lang='lat' dir='ltr'><strong>vitae</strong></span> <span class='ocrx_word' id='word_1_32' title='bbox 367 626 483 709; x_wconf 87' lang='lat' dir='ltr'><strong>spatia,</strong></span> <span class='ocrx_word' id='word_1_33' title='bbox 493 646 575 709; x_wconf 87' lang='lat' dir='ltr'><strong>quae</strong></span> <span class='ocrx_word' id='word_1_34' title='bbox 585 625 865 711; x_wconf 83' lang='lat' dir='ltr'><strong>debebantur,nee</strong></span> <span class='ocrx_word' id='word_1_35' title='bbox 874 626 984 691; x_wconf 85' lang='lat' dir='ltr'><strong>revehi</strong></span> <span class='ocrx_word' id='word_1_36' title='bbox 996 649 1073 694; x_wconf 89' lang='lat' dir='ltr'><strong>sane</strong></span> 
     </span>
     <span class='ocr_line' id='line_1_6' title="bbox 57 713 1099 799; baseline 0 -18"><span class='ocrx_word' id='word_1_37' title='bbox 57 716 101 781; x_wconf 85' lang='lat' dir='ltr'><strong>ad</strong></span> <span class='ocrx_word' id='word_1_38' title='bbox 121 718 268 797; x_wconf 88' lang='lat' dir='ltr'><strong>matrem,</strong></span> <span class='ocrx_word' id='word_1_39' title='bbox 287 717 324 777; x_wconf 91' lang='lat' dir='ltr'><strong>ut</strong></span> <span class='ocrx_word' id='word_1_40' title='bbox 341 713 514 798; x_wconf 80' lang='lat' dir='ltr'><strong>desideras,</strong></span> <span class='ocrx_word' id='word_1_41' title='bbox 531 713 664 799; x_wconf 87' lang='lat' dir='ltr'><strong>poteris,</strong></span> <span class='ocrx_word' id='word_1_42' title='bbox 682 713 836 798; x_wconf 90' lang='lat' dir='ltr'><strong>quoniam</strong></span> <span class='ocrx_word' id='word_1_43' title='bbox 855 714 912 779; x_wconf 89' lang='lat' dir='ltr'><strong>illa</strong></span> <span class='ocrx_word' id='word_1_44' title='bbox 930 736 1018 781; x_wconf 90' lang='lat' dir='ltr'><strong>mors</strong></span> <span class='ocrx_word' id='word_1_45' title='bbox 1036 717 1099 781; x_wconf 79' lang='lat' dir='ltr'><strong>ine</strong></span> 
     </span>
     <span class='ocr_line' id='line_1_7' title="bbox 57 800 1071 886; baseline 0.004 -18"><span class='ocrx_word' id='word_1_46' title='bbox 57 803 241 886; x_wconf 81' lang='lat' dir='ltr'><strong>Babylonia</strong></span> <span class='ocrx_word' id='word_1_47' title='bbox 251 803 295 866; x_wconf 92' lang='lat' dir='ltr'><strong>sit</strong></span> <span class='ocrx_word' id='word_1_48' title='bbox 304 802 426 886; x_wconf 81' lang='lat' dir='ltr'><strong>futura3</strong></span> <span class='ocrx_word' id='word_1_49' title='bbox 441 803 499 867; x_wconf 89' lang='lat' dir='ltr'><strong>sed</strong></span> <span class='ocrx_word' id='word_1_50' title='bbox 508 801 601 867; x_wconf 84' lang='lat' dir='ltr'><strong>sedes</strong></span> <span class='ocrx_word' id='word_1_51' title='bbox 610 802 756 886; x_wconf 72' lang='lat' dir='ltr'><strong>eorporm</strong></span> <span class='ocrx_word' id='word_1_52' title='bbox 766 802 866 886; x_wconf 86' lang='lat' dir='ltr'><strong>longe</strong></span> <span class='ocrx_word' id='word_1_53' title='bbox 876 800 1003 870; x_wconf 84' lang='lat' dir='ltr'><strong>diverse</strong></span> <span class='ocrx_word' id='word_1_54' title='bbox 1012 809 1071 872; x_wconf 84' lang='lat' dir='ltr'><strong>est</strong></span> 
     </span>
     <span class='ocr_line' id='line_1_8' title="bbox 57 888 1070 979; baseline 0.002 -21"><span class='ocrx_word' id='word_1_55' title='bbox 57 893 184 958; x_wconf 89' lang='lat' dir='ltr'><strong>Verum</strong></span> <span class='ocrx_word' id='word_1_56' title='bbox 202 890 259 956; x_wconf 90' lang='lat' dir='ltr'><strong>ubi</strong></span> <span class='ocrx_word' id='word_1_57' title='bbox 272 890 353 955; x_wconf 88' lang='lat' dir='ltr'><strong>haec</strong></span> <span class='ocrx_word' id='word_1_58' title='bbox 368 891 429 955; x_wconf 91' lang='lat' dir='ltr'><strong>tibi</strong></span> <span class='ocrx_word' id='word_1_59' title='bbox 442 888 517 955; x_wconf 81' lang='lat' dir='ltr'><strong>finis</strong></span> <span class='ocrx_word' id='word_1_60' title='bbox 533 889 681 974; x_wconf 86' lang='lat' dir='ltr'><strong>adfuerit,</strong></span> <span class='ocrx_word' id='word_1_61' title='bbox 698 913 775 957; x_wconf 87' lang='lat' dir='ltr'><strong>mox</strong></span> <span class='ocrx_word' id='word_1_62' title='bbox 788 894 927 957; x_wconf 91' lang='lat' dir='ltr'><strong>matrem</strong></span> <span class='ocrx_word' id='word_1_63' title='bbox 942 915 1070 979; x_wconf 90' lang='lat' dir='ltr'><strong>quoque</strong></span> 
     </span>
     <span class='ocr_line' id='line_1_9' title="bbox 56 979 1071 1064; baseline 0.003 -20"><span class='ocrx_word' id='word_1_64' title='bbox 56 1003 124 1044; x_wconf 88' lang='lat' dir='ltr'><strong>una</strong></span> <span class='ocrx_word' id='word_1_65' title='bbox 138 983 172 1045; x_wconf 92' lang='lat' dir='ltr'><strong>et</strong></span> <span class='ocrx_word' id='word_1_66' title='bbox 185 979 357 1064; x_wconf 88' lang='lat' dir='ltr'><strong>coniugem</strong></span> <span class='ocrx_word' id='word_1_67' title='bbox 372 979 533 1063; x_wconf 86' lang='lat' dir='ltr'><strong>perituras</strong></span> <span class='ocrx_word' id='word_1_68' title='bbox 552 1001 622 1045; x_wconf 89' lang='lat' dir='ltr'><strong>esse</strong></span> <span class='ocrx_word' id='word_1_69' title='bbox 635 980 779 1045; x_wconf 77' lang='lat' dir='ltr'><strong>tristiore</strong></span> <span class='ocrx_word' id='word_1_70' title='bbox 792 984 897 1046; x_wconf 90' lang='lat' dir='ltr'><strong>morte</strong></span> <span class='ocrx_word' id='word_1_71' title='bbox 916 1003 984 1047; x_wconf 91' lang='lat' dir='ltr'><strong>non</strong></span> <span class='ocrx_word' id='word_1_72' title='bbox 1002 1005 1071 1047; x_wconf 87' lang='lat' dir='ltr'><strong>em-</strong></span> 
     </span>
     <span class='ocr_line' id='line_1_10' title="bbox 57 1067 1134 1152; baseline -0.001 -19"><span class='ocrx_word' id='word_1_73' title='bbox 57 1070 163 1152; x_wconf 83' lang='lat' dir='ltr'>bigas,</span> <span class='ocrx_word' id='word_1_74' title='bbox 185 1067 274 1132; x_wconf 87' lang='lat' dir='ltr'><strong>Indis</strong></span> <span class='ocrx_word' id='word_1_75' title='bbox 298 1090 362 1132; x_wconf 93' lang='lat' dir='ltr'><strong>une</strong></span> <span class='ocrx_word' id='word_1_76' title='bbox 384 1068 436 1134; x_wconf 83' lang='lat' dir='ltr'><strong>vel</strong></span> <span class='ocrx_word' id='word_1_77' title='bbox 456 1067 567 1133; x_wconf 89' lang='lat' dir='ltr'><strong>Persis</strong></span> <span class='ocrx_word' id='word_1_78' title='bbox 590 1067 689 1132; x_wconf 89' lang='lat' dir='ltr'><strong>etiam</strong></span> <span class='ocrx_word' id='word_1_79' title='bbox 710 1068 963 1137; x_wconf 71' lang='lat' dir='ltr'><strong>infestantibus?</strong></span> <span class='ocrx_word' id='word_1_80' title='bbox 1009 1071 1070 1136; x_wconf 88' lang='lat' dir='ltr'><strong>His</strong></span> <span class='ocrx_word' id='word_1_81' title='bbox 1087 1081 1134 1133; x_wconf 71' lang='lat'><strong><em>43.</em></strong></span> 
     </span>
     <span class='ocr_line' id='line_1_11' title="bbox 58 1156 1111 1242; baseline -0.002 -20"><span class='ocrx_word' id='word_1_82' title='bbox 58 1156 235 1240; x_wconf 72' lang='lat' dir='ltr'><strong>compertis</strong></span> <span class='ocrx_word' id='word_1_83' title='bbox 254 1156 426 1241; x_wconf 89' lang='lat' dir='ltr'><strong>animoque</strong></span> <span class='ocrx_word' id='word_1_84' title='bbox 444 1157 485 1222; x_wconf 91' lang='lat' dir='ltr'><strong>ed</strong></span> <span class='ocrx_word' id='word_1_85' title='bbox 503 1158 686 1222; x_wconf 88' lang='lat' dir='ltr'><strong>necessarie</strong></span> <span class='ocrx_word' id='word_1_86' title='bbox 702 1157 905 1242; x_wconf 88' lang='lat' dir='ltr'><strong>confirmato,</strong></span> <span class='ocrx_word' id='word_1_87' title='bbox 925 1161 1070 1225; x_wconf 88' lang='lat' dir='ltr'><strong>moratus</strong></span> <span class='ocrx_word' id='word_1_88' title='bbox 1084 1180 1111 1221; x_wconf 85' lang='lat' dir='ltr'><strong>ro</strong></span> 
     </span>
     <span class='ocr_line' id='line_1_12' title="bbox 57 1244 1071 1332; baseline 0.002 -21"><span class='ocrx_word' id='word_1_89' title='bbox 57 1247 128 1311; x_wconf 92' lang='lat' dir='ltr'><strong>dies</strong></span> <span class='ocrx_word' id='word_1_90' title='bbox 146 1245 247 1309; x_wconf 89' lang='lat' dir='ltr'><strong>ferme</strong></span> <span class='ocrx_word' id='word_1_91' title='bbox 262 1245 431 1310; x_wconf 83' lang='lat' dir='ltr'><strong>duodecim</strong></span> <span class='ocrx_word' id='word_1_92' title='bbox 450 1245 491 1310; x_wconf 92' lang='lat' dir='ltr'><strong>ad</strong></span> <span class='ocrx_word' id='word_1_93' title='bbox 504 1244 688 1311; x_wconf 88' lang='lat' dir='ltr'><strong>Presiacam</strong></span> <span class='ocrx_word' id='word_1_94' title='bbox 705 1245 838 1332; x_wconf 81' lang='lat' dir='ltr'><strong>festin03</strong></span> <span class='ocrx_word' id='word_1_95' title='bbox 858 1250 891 1312; x_wconf 92' lang='lat' dir='ltr'><strong>et</strong></span> <span class='ocrx_word' id='word_1_96' title='bbox 904 1247 1071 1314; x_wconf 87' lang='lat' dir='ltr'><strong>Atilaniae</strong></span> 
     </span>
     <span class='ocr_line' id='line_1_13' title="bbox 57 1333 1070 1420; baseline 0.004 -22"><span class='ocrx_word' id='word_1_97' title='bbox 57 1334 262 1419; x_wconf 82' lang='lat' dir='ltr'><strong>regionibus,</strong></span> <span class='ocrx_word' id='word_1_98' title='bbox 290 1356 427 1420; x_wconf 90' lang='lat' dir='ltr'><strong>quarum</strong></span> <span class='ocrx_word' id='word_1_99' title='bbox 455 1333 665 1418; x_wconf 83' lang='lat' dir='ltr'><strong>peragrandis</strong></span> <span class='ocrx_word' id='word_1_100' title='bbox 693 1335 823 1418; x_wconf 89' lang='lat' dir='ltr'><strong>oppidis</strong></span> <span class='ocrx_word' id='word_1_101' title='bbox 845 1356 999 1419; x_wconf 80' lang='lat' dir='ltr'><strong>praesens</strong></span> <span class='ocrx_word' id='word_1_102' title='bbox 1022 1337 1070 1402; x_wconf 93' lang='lat' dir='ltr'><strong>in·</strong></span> 
     </span>
     <span class='ocr_line' id='line_1_14' title="bbox 56 1421 1071 1510; baseline 0.002 -22"><span class='ocrx_word' id='word_1_103' title='bbox 56 1423 162 1488; x_wconf 90' lang='lat' dir='ltr'><strong>tentio</strong></span> <span class='ocrx_word' id='word_1_104' title='bbox 186 1427 269 1504; x_wconf 86' lang='lat' dir='ltr'><strong>eret,</strong></span> <span class='ocrx_word' id='word_1_105' title='bbox 297 1423 442 1487; x_wconf 89' lang='lat' dir='ltr'><strong>debitam</strong></span> <span class='ocrx_word' id='word_1_106' title='bbox 464 1421 669 1505; x_wconf 73' lang='lat' dir='ltr'><strong>diligentiam</strong></span> <span class='ocrx_word' id='word_1_107' title='bbox 690 1426 834 1506; x_wconf 77' lang='lat' dir='ltr'><strong>praesto,</strong></span> <span class='ocrx_word' id='word_1_108' title='bbox 878 1422 968 1510; x_wconf 79' lang='lat' dir='ltr'><strong>Ergo</strong></span> <span class='ocrx_word' id='word_1_109' title='bbox 992 1424 1071 1490; x_wconf 90' lang='lat' dir='ltr'><strong>Pra-</strong></span> 
     </span>
     <span class='ocr_line' id='line_1_15' title="bbox 57 1510 1070 1597; baseline 0.002 -21"><span class='ocrx_word' id='word_1_110' title='bbox 57 1512 147 1576; x_wconf 86' lang='lat' dir='ltr'><strong>siace</strong></span> <span class='ocrx_word' id='word_1_111' title='bbox 173 1516 360 1595; x_wconf 88' lang='lat' dir='ltr'><strong>percursata</strong></span> <span class='ocrx_word' id='word_1_112' title='bbox 382 1510 514 1576; x_wconf 83' lang='lat' dir='ltr'><strong>revenio</strong></span> <span class='ocrx_word' id='word_1_113' title='bbox 537 1510 719 1594; x_wconf 81' lang='lat' dir='ltr'><strong>Persidem,</strong></span> <span class='ocrx_word' id='word_1_114' title='bbox 746 1511 837 1575; x_wconf 90' lang='lat' dir='ltr'><strong>omni</strong></span> <span class='ocrx_word' id='word_1_115' title='bbox 864 1512 972 1578; x_wconf 85' lang='lat' dir='ltr'><strong>studio</strong></span> <span class='ocrx_word' id='word_1_116' title='bbox 995 1534 1070 1597; x_wconf 90' lang='lat' dir='ltr'><strong>pro·</strong></span> 
     </span>
     <span class='ocr_line' id='line_1_16' title="bbox 57 1598 1110 1685; baseline 0.001 -22"><span class='ocrx_word' id='word_1_117' title='bbox 57 1622 176 1685; x_wconf 88' lang='lat' dir='ltr'><strong>perans</strong></span> <span class='ocrx_word' id='word_1_118' title='bbox 195 1599 428 1664; x_wconf 81' lang='lat' dir='ltr'><strong>Samiramidos</strong></span> <span class='ocrx_word' id='word_1_119' title='bbox 447 1619 576 1682; x_wconf 87' lang='lat' dir='ltr'><strong>quoque</strong></span> <span class='ocrx_word' id='word_1_120' title='bbox 598 1619 684 1663; x_wconf 87' lang='lat' dir='ltr'><strong>nune</strong></span> <span class='ocrx_word' id='word_1_121' title='bbox 702 1619 839 1684; x_wconf 85' lang='lat' dir='ltr'><strong>regnum</strong></span> <span class='ocrx_word' id='word_1_122' title='bbox 857 1599 969 1665; x_wconf 87' lang='lat' dir='ltr'><strong>visere.</strong></span> <span class='ocrx_word' id='word_1_123' title='bbox 1007 1598 1070 1665; x_wconf 84' lang='lat' dir='ltr'><strong>Sed</strong></span> <span class='ocrx_word' id='word_1_124' title='bbox 1084 1621 1110 1664; x_wconf 79' lang='lat' dir='ltr'><strong>re</strong></span> 
     </span>
     <span class='ocr_line' id='line_1_17' title="bbox 58 1686 1071 1773; baseline 0.005 -22"><span class='ocrx_word' id='word_1_125' title='bbox 58 1688 212 1773; x_wconf 87' lang='lat' dir='ltr'><strong>quoniam</strong></span> <span class='ocrx_word' id='word_1_126' title='bbox 236 1688 278 1752; x_wconf 89' lang='lat' dir='ltr'><strong>ad</strong></span> <span class='ocrx_word' id='word_1_127' title='bbox 299 1687 386 1753; x_wconf 89' lang='lat' dir='ltr'><strong>hanc</strong></span> <span class='ocrx_word' id='word_1_128' title='bbox 408 1687 490 1751; x_wconf 90' lang='lat' dir='ltr'><strong>mihi</strong></span> <span class='ocrx_word' id='word_1_129' title='bbox 506 1687 639 1752; x_wconf 88' lang='lat' dir='ltr'><strong>interim</strong></span> <span class='ocrx_word' id='word_1_130' title='bbox 656 1686 755 1752; x_wconf 92' lang='lat' dir='ltr'><strong>finem</strong></span> <span class='ocrx_word' id='word_1_131' title='bbox 776 1708 829 1751; x_wconf 90' lang='lat' dir='ltr'><strong>res</strong></span> <span class='ocrx_word' id='word_1_132' title='bbox 848 1691 961 1771; x_wconf 78' lang='lat' dir='ltr'><strong>gestae</strong></span> <span class='ocrx_word' id='word_1_133' title='bbox 983 1691 1071 1772; x_wconf 59' lang='lat' dir='ltr'><strong>sunt.</strong></span> 
     </span>
     <span class='ocr_line' id='line_1_18' title="bbox 56 1774 1068 1862; baseline 0.001 -22"><span class='ocrx_word' id='word_1_134' title='bbox 56 1798 97 1841; x_wconf 91' lang='lat' dir='ltr'><strong>ea</strong></span> <span class='ocrx_word' id='word_1_135' title='bbox 124 1780 157 1840; x_wconf 89' lang='lat' dir='ltr'><strong>te</strong></span> <span class='ocrx_word' id='word_1_136' title='bbox 185 1777 320 1841; x_wconf 87' lang='lat' dir='ltr'><strong>scientia</strong></span> <span class='ocrx_word' id='word_1_137' title='bbox 342 1776 537 1862; x_wconf 86' lang='lat' dir='ltr'><strong>participare</strong></span> <span class='ocrx_word' id='word_1_138' title='bbox 561 1775 700 1841; x_wconf 86' lang='lat' dir='ltr'><strong>amicum</strong></span> <span class='ocrx_word' id='word_1_139' title='bbox 726 1774 799 1842; x_wconf 81' lang='lat' dir='ltr'><strong>fuit.</strong></span> <span class='ocrx_word' id='word_1_140' title='bbox 844 1775 950 1851; x_wconf 81' lang='lat' dir='ltr'><strong>Quare</strong></span> <span class='ocrx_word' id='word_1_141' title='bbox 971 1776 1068 1843; x_wconf 70' lang='lat' dir='ltr'><strong>vele?</strong></span> 
     </span>
     <span class='ocr_line' id='line_1_19' title="bbox 148 1862 1134 1930; baseline 0.001 -2"><span class='ocrx_word' id='word_1_142' title='bbox 148 1862 206 1928; x_wconf 75' lang='lat'><strong><em>28.</em></strong></span> <span class='ocrx_word' id='word_1_143' title='bbox 231 1864 310 1930; x_wconf 90' lang='lat' dir='ltr'><strong>Post</strong></span> <span class='ocrx_word' id='word_1_144' title='bbox 331 1865 427 1930; x_wconf 88' lang='lat' dir='ltr'><strong>hasce</strong></span> <span class='ocrx_word' id='word_1_145' title='bbox 449 1864 578 1929; x_wconf 88' lang='lat' dir='ltr'><strong>litteras</strong></span> <span class='ocrx_word' id='word_1_146' title='bbox 602 1862 643 1928; x_wconf 85' lang='lat' dir='ltr'><strong>ad</strong></span> <span class='ocrx_word' id='word_1_147' title='bbox 665 1862 866 1929; x_wconf 87' lang='lat' dir='ltr'><strong>Aristotelen</strong></span> <span class='ocrx_word' id='word_1_148' title='bbox 889 1864 982 1930; x_wconf 90' lang='lat' dir='ltr'><strong>datas</strong></span> <span class='ocrx_word' id='word_1_149' title='bbox 1031 1872 1134 1929; x_wconf 85' lang='lat' dir='ltr'><strong><em>XVIH.</em></strong></span> 
     </span>
     <span class='ocr_line' id='line_1_20' title="bbox 56 1949 1130 2039; baseline 0.003 -23"><span class='ocrx_word' id='word_1_150' title='bbox 56 1953 167 2038; x_wconf 91' lang='lat' dir='ltr'><strong>pergit</strong></span> <span class='ocrx_word' id='word_1_151' title='bbox 185 1953 241 2037; x_wconf 87' lang='lat' dir='ltr'><strong>ire,</strong></span> <span class='ocrx_word' id='word_1_152' title='bbox 259 1958 297 2018; x_wconf 93' lang='lat' dir='ltr'><strong>ut</strong></span> <span class='ocrx_word' id='word_1_153' title='bbox 315 1954 499 2039; x_wconf 86' lang='lat' dir='ltr'><strong>scripserat,</strong></span> <span class='ocrx_word' id='word_1_154' title='bbox 517 1952 558 2016; x_wconf 91' lang='lat' dir='ltr'><strong>ad</strong></span> <span class='ocrx_word' id='word_1_155' title='bbox 576 1949 808 2018; x_wconf 83' lang='lat' dir='ltr'><strong>Samiramidos</strong></span> <span class='ocrx_word' id='word_1_156' title='bbox 825 1952 959 2037; x_wconf 86' lang='lat' dir='ltr'><strong>regiam,</strong></span> <span class='ocrx_word' id='word_1_157' title='bbox 982 1953 1068 2037; x_wconf 92' lang='lat' dir='ltr'><strong>quod</strong></span> <span class='ocrx_word' id='word_1_158' title='bbox 1086 1958 1130 2009; x_wconf 78' lang='lat'><strong><em>44.</em></strong></span> 
     </span>
     <span class='ocr_line' id='line_1_21' title="bbox 55 2040 1108 2126; baseline 0.003 -21"><span class='ocrx_word' id='word_1_159' title='bbox 55 2042 114 2106; x_wconf 93' lang='lat' dir='ltr'><strong>illo</strong></span> <span class='ocrx_word' id='word_1_160' title='bbox 145 2062 179 2106; x_wconf 89' lang='lat' dir='ltr'><strong>se</strong></span> <span class='ocrx_word' id='word_1_161' title='bbox 210 2046 243 2106; x_wconf 90' lang='lat' dir='ltr'><strong>et</strong></span> <span class='ocrx_word' id='word_1_162' title='bbox 273 2042 457 2126; x_wconf 87' lang='lat' dir='ltr'><strong>opulentiae</strong></span> <span class='ocrx_word' id='word_1_163' title='bbox 484 2041 574 2107; x_wconf 90' lang='lat' dir='ltr'><strong>fame</strong></span> <span class='ocrx_word' id='word_1_164' title='bbox 600 2040 738 2106; x_wconf 85' lang='lat' dir='ltr'><strong>ducebat</strong></span> <span class='ocrx_word' id='word_1_165' title='bbox 765 2044 799 2106; x_wconf 89' lang='lat' dir='ltr'><strong>et</strong></span> <span class='ocrx_word' id='word_1_166' title='bbox 825 2041 1068 2126; x_wconf 87' lang='lat' dir='ltr'><strong>magnificentie</strong></span> <span class='ocrx_word' id='word_1_167' title='bbox 1081 2065 1108 2107; x_wconf 81' lang='lat' dir='ltr'><strong>ao</strong></span> 
     </span>
     <span class='ocr_line' id='line_1_22' title="bbox 56 2129 1068 2217; baseline 0.003 -23"><span class='ocrx_word' id='word_1_168' title='bbox 56 2130 250 2215; x_wconf 84' lang='lat' dir='ltr'><strong>pervulgata</strong></span> <span class='ocrx_word' id='word_1_169' title='bbox 277 2131 405 2215; x_wconf 92' lang='lat' dir='ltr'><strong>imperii</strong></span> <span class='ocrx_word' id='word_1_170' title='bbox 428 2131 510 2196; x_wconf 89' lang='lat' dir='ltr'><strong>setis</strong></span> <span class='ocrx_word' id='word_1_171' title='bbox 533 2129 650 2214; x_wconf 83' lang='lat' dir='ltr'><strong>inclyti</strong></span> <span class='ocrx_word' id='word_1_172' title='bbox 677 2129 719 2194; x_wconf 91' lang='lat' dir='ltr'><strong>ad</strong></span> <span class='ocrx_word' id='word_1_173' title='bbox 741 2129 896 2197; x_wconf 91' lang='lat' dir='ltr'><strong>laborem.</strong></span> <span class='ocrx_word' id='word_1_174' title='bbox 942 2129 1068 2217; x_wconf 81' lang='lat' dir='ltr'><strong>Quippe</strong></span> 
     </span>
     <span class='ocr_line' id='line_1_23' title="bbox 57 2218 1070 2306; baseline 0.003 -24"><span class='ocrx_word' id='word_1_175' title='bbox 57 2219 135 2283; x_wconf 90' lang='lat' dir='ltr'><strong>urbs</strong></span> <span class='ocrx_word' id='word_1_176' title='bbox 166 2219 271 2284; x_wconf 87' lang='lat' dir='ltr'><strong>omnis</strong></span> <span class='ocrx_word' id='word_1_177' title='bbox 300 2241 393 2284; x_wconf 91' lang='lat' dir='ltr'><strong>muro</strong></span> <span class='ocrx_word' id='word_1_178' title='bbox 422 2240 519 2303; x_wconf 91' lang='lat' dir='ltr'><strong>quam</strong></span> <span class='ocrx_word' id='word_1_179' title='bbox 547 2218 747 2285; x_wconf 84' lang='lat' dir='ltr'><strong>validissimo</strong></span> <span class='ocrx_word' id='word_1_180' title='bbox 775 2222 826 2283; x_wconf 90' lang='lat' dir='ltr'><strong>est</strong></span> <span class='ocrx_word' id='word_1_181' title='bbox 852 2219 1070 2306; x_wconf 86' lang='lat' dir='ltr'><strong>circumsepta</strong></span> 
     </span>
     <span class='ocr_line' id='line_1_24' title="bbox 56 2305 1068 2391; baseline 0 -19"><span class='ocrx_word' id='word_1_182' title='bbox 56 2312 226 2391; x_wconf 89' lang='lat' dir='ltr'><strong>porterum</strong></span> <span class='ocrx_word' id='word_1_183' title='bbox 252 2309 356 2374; x_wconf 81' lang='lat' dir='ltr'><strong>valvis</strong></span> <span class='ocrx_word' id='word_1_184' title='bbox 387 2328 461 2372; x_wconf 87' lang='lat' dir='ltr'><strong>aere</strong></span> <span class='ocrx_word' id='word_1_185' title='bbox 489 2306 541 2374; x_wconf 82' lang='lat' dir='ltr'><strong>vel</strong></span> <span class='ocrx_word' id='word_1_186' title='bbox 569 2305 656 2372; x_wconf 84' lang='lat' dir='ltr'><strong>ferro</strong></span> <span class='ocrx_word' id='word_1_187' title='bbox 686 2306 728 2371; x_wconf 91' lang='lat' dir='ltr'><strong>ed</strong></span> <span class='ocrx_word' id='word_1_188' title='bbox 753 2306 988 2374; x_wconf 89' lang='lat' dir='ltr'><strong>firmitudinem</strong></span> <span class='ocrx_word' id='word_1_189' title='bbox 1014 2308 1068 2374; x_wconf 82' lang='lat' dir='ltr'><strong>vel</strong></span> 
     </span>
     <span class='ocr_line' id='line_1_25' title="bbox 56 2393 1069 2482; baseline 0.002 -22"><span class='ocrx_word' id='word_1_190' title='bbox 56 2397 205 2461; x_wconf 87' lang='lat' dir='ltr'><strong>decorem</strong></span> <span class='ocrx_word' id='word_1_191' title='bbox 232 2395 394 2479; x_wconf 89' lang='lat' dir='ltr'><strong>impendio</strong></span> <span class='ocrx_word' id='word_1_192' title='bbox 418 2395 510 2461; x_wconf 86' lang='lat' dir='ltr'><strong>fabre</strong></span> <span class='ocrx_word' id='word_1_193' title='bbox 533 2395 702 2479; x_wconf 87' lang='lat' dir='ltr'><strong>possessis.</strong></span> <span class='ocrx_word' id='word_1_194' title='bbox 747 2393 850 2461; x_wconf 91' lang='lat' dir='ltr'><strong>Omne</strong></span> <span class='ocrx_word' id='word_1_195' title='bbox 873 2418 949 2462; x_wconf 83' lang='lat' dir='ltr'><strong>vero</strong></span> <span class='ocrx_word' id='word_1_196' title='bbox 976 2396 1069 2482; x_wconf 93' lang='lat' dir='ltr'><strong>oppi-</strong></span> 
     </span>
     <span class='ocr_line' id='line_1_26' title="bbox 56 2483 1110 2571; baseline 0.004 -24"><span class='ocrx_word' id='word_1_197' title='bbox 56 2485 134 2548; x_wconf 90' lang='lat' dir='ltr'><strong>dum</strong></span> <span class='ocrx_word' id='word_1_198' title='bbox 149 2483 314 2568; x_wconf 87' lang='lat' dir='ltr'><strong>quadratis</strong></span> <span class='ocrx_word' id='word_1_199' title='bbox 333 2483 431 2568; x_wconf 86' lang='lat' dir='ltr'><strong>saxis,</strong></span> <span class='ocrx_word' id='word_1_200' title='bbox 449 2484 506 2548; x_wconf 88' lang='lat' dir='ltr'><strong>sed</strong></span> <span class='ocrx_word' id='word_1_201' title='bbox 523 2483 613 2549; x_wconf 88' lang='lat' dir='ltr'><strong>hisce</strong></span> <span class='ocrx_word' id='word_1_202' title='bbox 630 2505 697 2549; x_wconf 93' lang='lat' dir='ltr'><strong>non</strong></span> <span class='ocrx_word' id='word_1_203' title='bbox 714 2485 876 2550; x_wconf 89' lang='lat' dir='ltr'><strong>incuriose</strong></span> <span class='ocrx_word' id='word_1_204' title='bbox 893 2483 1068 2571; x_wconf 82' lang='lat' dir='ltr'><strong>laevigatis</strong></span> <span class='ocrx_word' id='word_1_205' title='bbox 1082 2509 1110 2552; x_wconf 80' lang='lat' dir='ltr'><strong>rr</strong></span> 
     </span>
     <span class='ocr_line' id='line_1_27' title="bbox 55 2573 1069 2659; baseline 0 -20"><span class='ocrx_word' id='word_1_206' title='bbox 55 2577 249 2656; x_wconf 90' lang='lat' dir='ltr'><strong>congestum</strong></span> <span class='ocrx_word' id='word_1_207' title='bbox 277 2577 310 2637; x_wconf 91' lang='lat' dir='ltr'><strong>et</strong></span> <span class='ocrx_word' id='word_1_208' title='bbox 337 2573 461 2638; x_wconf 88' lang='lat' dir='ltr'><strong>cultum</strong></span> <span class='ocrx_word' id='word_1_209' title='bbox 484 2573 587 2637; x_wconf 88' lang='lat' dir='ltr'><strong>visere</strong></span> <span class='ocrx_word' id='word_1_210' title='bbox 609 2593 677 2637; x_wconf 92' lang='lat' dir='ltr'><strong>non</strong></span> <span class='ocrx_word' id='word_1_211' title='bbox 704 2573 827 2659; x_wconf 86' lang='lat' dir='ltr'><strong>absque</strong></span> <span class='ocrx_word' id='word_1_212' title='bbox 853 2573 1069 2640; x_wconf 87' lang='lat' dir='ltr'><strong>admiratione</strong></span> 
     </span>
     <span class='ocr_line' id='line_1_28' title="bbox 56 2660 1069 2747; baseline 0.001 -22"><span class='ocrx_word' id='word_1_213' title='bbox 56 2660 230 2725; x_wconf 81' lang='lat' dir='ltr'><strong>visentium</strong></span> <span class='ocrx_word' id='word_1_214' title='bbox 252 2661 324 2726; x_wconf 89' lang='lat' dir='ltr'><strong>fnit.</strong></span> <span class='ocrx_word' id='word_1_215' title='bbox 369 2661 545 2726; x_wconf 81' lang='lat' dir='ltr'><strong>Enimvero</strong></span> <span class='ocrx_word' id='word_1_216' title='bbox 568 2661 683 2747; x_wconf 87' lang='lat' dir='ltr'><strong>regine</strong></span> <span class='ocrx_word' id='word_1_217' title='bbox 705 2660 825 2747; x_wconf 89' lang='lat' dir='ltr'><strong>oppido</strong></span> <span class='ocrx_word' id='word_1_218' title='bbox 849 2665 920 2728; x_wconf 88' lang='lat' dir='ltr'><strong>erat</strong></span> <span class='ocrx_word' id='word_1_219' title='bbox 942 2667 975 2728; x_wconf 91' lang='lat' dir='ltr'><strong>et</strong></span> <span class='ocrx_word' id='word_1_220' title='bbox 998 2663 1069 2747; x_wconf 93' lang='lat' dir='ltr'><strong>pul·</strong></span> 
     </span>
     <span class='ocr_line' id='line_1_29' title="bbox 55 2749 1069 2837; baseline 0.003 -25"><span class='ocrx_word' id='word_1_221' title='bbox 55 2749 239 2814; x_wconf 89' lang='lat' dir='ltr'><strong>chritudine</strong></span> <span class='ocrx_word' id='word_1_222' title='bbox 268 2749 488 2814; x_wconf 87' lang='lat' dir='ltr'><strong>famosissima</strong></span> <span class='ocrx_word' id='word_1_223' title='bbox 517 2751 550 2813; x_wconf 88' lang='lat' dir='ltr'><strong>et</strong></span> <span class='ocrx_word' id='word_1_224' title='bbox 581 2749 847 2816; x_wconf 89' lang='lat' dir='ltr'><strong>commendabilis</strong></span> <span class='ocrx_word' id='word_1_225' title='bbox 880 2772 920 2816; x_wconf 84' lang='lat' dir='ltr'><strong>ex</strong></span> <span class='ocrx_word' id='word_1_226' title='bbox 952 2754 1069 2837; x_wconf 88' lang='lat' dir='ltr'><strong>aetate,</strong></span> 
     </span>
     <span class='ocr_line' id='line_1_30' title="bbox 56 2837 1068 2922; baseline 0.003 -21"><span class='ocrx_word' id='word_1_227' title='bbox 56 2837 140 2902; x_wconf 87' lang='lat' dir='ltr'><strong>forte</strong></span> <span class='ocrx_word' id='word_1_228' title='bbox 163 2840 240 2902; x_wconf 91' lang='lat' dir='ltr'><strong>tunc</strong></span> <span class='ocrx_word' id='word_1_229' title='bbox 258 2839 329 2904; x_wconf 81' lang='lat' dir='ltr'><strong>viro</strong></span> <span class='ocrx_word' id='word_1_230' title='bbox 348 2838 455 2922; x_wconf 84' lang='lat' dir='ltr'><strong>vidue,</strong></span> <span class='ocrx_word' id='word_1_231' title='bbox 478 2839 627 2922; x_wconf 83' lang='lat' dir='ltr'><strong>quamvis</strong></span> <span class='ocrx_word' id='word_1_232' title='bbox 649 2841 755 2904; x_wconf 87' lang='lat' dir='ltr'><strong>mater</strong></span> <span class='ocrx_word' id='word_1_233' title='bbox 776 2839 843 2904; x_wconf 92' lang='lat' dir='ltr'><strong>iem</strong></span> <span class='ocrx_word' id='word_1_234' title='bbox 865 2838 965 2904; x_wconf 89' lang='lat' dir='ltr'><strong>trium</strong></span> <span class='ocrx_word' id='word_1_235' title='bbox 988 2839 1068 2904; x_wconf 89' lang='lat' dir='ltr'><strong>libe·</strong></span> 
     </span>
     <span class='ocr_line' id='line_1_31' title="bbox 54 2923 1110 3011; baseline 0.003 -21"><span class='ocrx_word' id='word_1_236' title='bbox 54 2948 175 2990; x_wconf 89' lang='lat' dir='ltr'><strong>rorum.</strong></span> <span class='ocrx_word' id='word_1_237' title='bbox 208 2923 270 2991; x_wconf 79' lang='lat' dir='ltr'><strong>Sed</strong></span> <span class='ocrx_word' id='word_1_238' title='bbox 284 2927 423 2991; x_wconf 86' lang='lat' dir='ltr'><strong>feminae</strong></span> <span class='ocrx_word' id='word_1_239' title='bbox 437 2948 556 2992; x_wconf 93' lang='lat' dir='ltr'><strong>nomen</strong></span> <span class='ocrx_word' id='word_1_240' title='bbox 571 2924 718 2994; x_wconf 79' lang='lat' dir='ltr'><strong>(landace</strong></span> <span class='ocrx_word' id='word_1_241' title='bbox 732 2925 859 2993; x_wconf 87' lang='lat' dir='ltr'><strong>dieitur.</strong></span> <span class='ocrx_word' id='word_1_242' title='bbox 895 2926 1067 3011; x_wconf 87' lang='lat' dir='ltr'><strong>Proneptis</strong></span> <span class='ocrx_word' id='word_1_243' title='bbox 1081 2951 1110 2993; x_wconf 85' lang='lat' dir='ltr'><strong>eo</strong></span> 
     </span>
    </p>
   </div>
   <div class='ocr_carea' id='block_1_3' title="bbox 54 3133 1070 3628">
    <p class='ocr_par' dir='ltr' id='par_1_3' title="bbox 54 3133 1067 3417">
     <span class='ocr_line' id='line_1_32' title="bbox 147 3133 1067 3204; baseline 0.002 -16"><span class='ocrx_word' id='word_1_244' title='bbox 147 3141 162 3188; x_wconf 89' lang='lat'>1</span> <span class='ocrx_word' id='word_1_245' title='bbox 185 3152 248 3189; x_wconf 90' lang='lat' dir='ltr'><strong>cum</strong></span> <span class='ocrx_word' id='word_1_246' title='bbox 271 3133 394 3203; x_wconf 90' lang='lat' dir='ltr'><strong>primum</strong></span> <span class='ocrx_word' id='word_1_247' title='bbox 419 3137 490 3191; x_wconf 78' lang='lat' dir='ltr'><strong>Mar.</strong></span> <span class='ocrx_word' id='word_1_248' title='bbox 518 3133 641 3204; x_wconf 85' lang='lat' dir='ltr'><strong>primum</strong></span> <span class='ocrx_word' id='word_1_249' title='bbox 663 3133 699 3190; x_wconf 77' lang='lat' dir='ltr'><strong><em>A.</em></strong></span> <span class='ocrx_word' id='word_1_250' title='bbox 741 3135 805 3189; x_wconf 87' lang='lat' dir='ltr'><strong>ortu</strong></span> <span class='ocrx_word' id='word_1_251' title='bbox 827 3133 900 3190; x_wconf 67' lang='lat' dir='ltr'><strong>Mai.</strong></span> <span class='ocrx_word' id='word_1_252' title='bbox 929 3136 1006 3189; x_wconf 84' lang='lat' dir='ltr'><strong>ortus</strong></span> <span class='ocrx_word' id='word_1_253' title='bbox 1030 3134 1067 3190; x_wconf 78' lang='lat' dir='ltr'><strong><em>A.</em></strong></span> 
     </span>
     <span class='ocr_line' id='line_1_33' title="bbox 54 3203 1067 3275; baseline 0.002 -14"><span class='ocrx_word' id='word_1_254' title='bbox 54 3213 72 3261; x_wconf 79' lang='lat'>2</span> <span class='ocrx_word' id='word_1_255' title='bbox 93 3221 127 3259; x_wconf 85' lang='lat' dir='ltr'><strong>ex</strong></span> <span class='ocrx_word' id='word_1_256' title='bbox 143 3205 249 3260; x_wconf 85' lang='lat' dir='ltr'><strong>vertice</strong></span> <span class='ocrx_word' id='word_1_257' title='bbox 269 3206 343 3262; x_wconf 83' lang='lat' dir='ltr'><strong>Mei.</strong></span> <span class='ocrx_word' id='word_1_258' title='bbox 367 3209 397 3262; x_wconf 90' lang='lat' dir='ltr'><strong>et</strong></span> <span class='ocrx_word' id='word_1_259' title='bbox 415 3207 519 3263; x_wconf 86' lang='lat' dir='ltr'><strong>vertice</strong></span> <span class='ocrx_word' id='word_1_260' title='bbox 537 3206 573 3260; x_wconf 76' lang='lat' dir='ltr'><strong><em>A.</em></strong></span> <span class='ocrx_word' id='word_1_261' title='bbox 611 3209 627 3260; x_wconf 80' lang='lat' dir='ltr'><strong>o</strong></span> <span class='ocrx_word' id='word_1_262' title='bbox 646 3203 779 3274; x_wconf 89' lang='lat' dir='ltr'><strong>quoniam</strong></span> <span class='ocrx_word' id='word_1_263' title='bbox 796 3206 904 3275; x_wconf 72' lang='lat' dir='ltr'><strong>scripsi.</strong></span> <span class='ocrx_word' id='word_1_264' title='bbox 927 3221 1011 3274; x_wconf 89' lang='lat' dir='ltr'><strong>quem</strong></span> <span class='ocrx_word' id='word_1_265' title='bbox 1024 3204 1067 3263; x_wconf 60' lang='lat' dir='ltr'><em>L</em></span> 
     </span>
     <span class='ocr_line' id='line_1_34' title="bbox 54 3273 1066 3335; baseline 0 -4"><span class='ocrx_word' id='word_1_266' title='bbox 54 3283 72 3331; x_wconf 88' lang='lat'>8</span> <span class='ocrx_word' id='word_1_267' title='bbox 91 3277 122 3331; x_wconf 89' lang='lat' dir='ltr'><strong>id</strong></span> <span class='ocrx_word' id='word_1_268' title='bbox 139 3275 264 3330; x_wconf 85' lang='lat' dir='ltr'><strong>tristiore</strong></span> <span class='ocrx_word' id='word_1_269' title='bbox 283 3277 319 3333; x_wconf 75' lang='lat' dir='ltr'><strong><em>A.</em></strong></span> <span class='ocrx_word' id='word_1_270' title='bbox 375 3283 407 3331; x_wconf 89' lang='lat'><strong>11</strong></span> <span class='ocrx_word' id='word_1_271' title='bbox 427 3275 570 3331; x_wconf 87' lang='lat' dir='ltr'><strong>Atileniae</strong></span> <span class='ocrx_word' id='word_1_272' title='bbox 588 3275 626 3331; x_wconf 80' lang='lat' dir='ltr'><strong><em>A.</em></strong></span> <span class='ocrx_word' id='word_1_273' title='bbox 651 3273 716 3330; x_wconf 87' lang='lat' dir='ltr'><strong>eliis</strong></span> <span class='ocrx_word' id='word_1_274' title='bbox 735 3276 831 3331; x_wconf 83' lang='lat' dir='ltr'><strong>Indiae</strong></span> <span class='ocrx_word' id='word_1_275' title='bbox 850 3276 920 3334; x_wconf 76' lang='lat' dir='ltr'><strong>corti.</strong></span> <span class='ocrx_word' id='word_1_276' title='bbox 939 3275 1066 3335; x_wconf 79' lang='lat' dir='ltr'><strong>Mueller.</strong></span> 
     </span>
     <span class='ocr_line' id='line_1_35' title="bbox 57 3346 835 3417; baseline 0.001 -16"><span class='ocrx_word' id='word_1_277' title='bbox 57 3354 90 3402; x_wconf 85' lang='grc'><strong>16</strong></span> <span class='ocrx_word' id='word_1_278' title='bbox 110 3348 147 3401; x_wconf 88' lang='lat' dir='ltr'><strong>ed</strong></span> <span class='ocrx_word' id='word_1_279' title='bbox 165 3348 239 3402; x_wconf 88' lang='lat' dir='ltr'><strong>hanc</strong></span> <span class='ocrx_word' id='word_1_280' title='bbox 256 3349 364 3417; x_wconf 72' lang='lat' dir='ltr'><strong>ecrrpai.</strong></span> <span class='ocrx_word' id='word_1_281' title='bbox 389 3347 426 3402; x_wconf 87' lang='lat' dir='ltr'><strong>ed</strong></span> <span class='ocrx_word' id='word_1_282' title='bbox 444 3349 500 3402; x_wconf 89' lang='lat' dir='ltr'><strong>hue</strong></span> <span class='ocrx_word' id='word_1_283' title='bbox 517 3346 592 3402; x_wconf 65' lang='grc' dir='ltr'><strong>ΑΡ.</strong></span> <span class='ocrx_word' id='word_1_284' title='bbox 616 3347 652 3401; x_wconf 92' lang='lat' dir='ltr'><strong>ad</strong></span> <span class='ocrx_word' id='word_1_285' title='bbox 670 3348 744 3401; x_wconf 89' lang='lat' dir='ltr'><strong>hunc</strong></span> <span class='ocrx_word' id='word_1_286' title='bbox 762 3346 835 3404; x_wconf 73' lang='lat' dir='ltr'><strong>Mar.</strong></span> 
     </span>
    </p>

    <p class='ocr_par' dir='ltr' id='par_1_4' title="bbox 55 3416 1070 3628">
     <span class='ocr_line' id='line_1_36' title="bbox 146 3416 1066 3488; baseline 0.002 -16"><span class='ocrx_word' id='word_1_287' title='bbox 146 3417 195 3474; x_wconf 75' lang='grc'><strong>18.</strong></span> <span class='ocrx_word' id='word_1_288' title='bbox 229 3424 262 3473; x_wconf 88' lang='lat'><strong>18</strong></span> <span class='ocrx_word' id='word_1_289' title='bbox 286 3421 338 3472; x_wconf 90' lang='lat' dir='ltr'><strong>hes</strong></span> <span class='ocrx_word' id='word_1_290' title='bbox 364 3419 397 3474; x_wconf 94' lang='lat' dir='ltr'><strong><em>P.</em></strong></span> <span class='ocrx_word' id='word_1_291' title='bbox 472 3424 504 3472; x_wconf 89' lang='grc'><strong>19</strong></span> <span class='ocrx_word' id='word_1_292' title='bbox 531 3418 607 3488; x_wconf 90' lang='lat' dir='ltr'><strong>quod</strong></span> <span class='ocrx_word' id='word_1_293' title='bbox 631 3418 681 3472; x_wconf 91' lang='lat' dir='ltr'><strong>illo</strong></span> <span class='ocrx_word' id='word_1_294' title='bbox 707 3432 737 3471; x_wconf 88' lang='lat' dir='ltr'><strong>se</strong></span> <span class='ocrx_word' id='word_1_295' title='bbox 762 3417 798 3473; x_wconf 76' lang='lat' dir='ltr'><strong><em>A.</em></strong></span> <span class='ocrx_word' id='word_1_296' title='bbox 831 3435 887 3486; x_wconf 90' lang='lat' dir='ltr'><strong>quo</strong></span> <span class='ocrx_word' id='word_1_297' title='bbox 912 3416 952 3472; x_wconf 92' lang='lat' dir='ltr'><strong>llo</strong></span> <span class='ocrx_word' id='word_1_298' title='bbox 978 3434 1008 3472; x_wconf 87' lang='lat' dir='ltr'><strong>se</strong></span> <span class='ocrx_word' id='word_1_299' title='bbox 1032 3416 1066 3474; x_wconf 90' lang='lat' dir='ltr'><strong>P.</strong></span> 
     </span>
     <span class='ocr_line' id='line_1_37' title="bbox 55 3487 1070 3559; baseline 0.003 -17"><span class='ocrx_word' id='word_1_300' title='bbox 55 3494 91 3542; x_wconf 76' lang='lat'><strong>20</strong></span> <span class='ocrx_word' id='word_1_301' title='bbox 109 3488 184 3544; x_wconf 79' lang='lat' dir='ltr'><strong>lame</strong></span> <span class='ocrx_word' id='word_1_302' title='bbox 202 3490 238 3546; x_wconf 79' lang='lat' dir='ltr'><strong><em>A.</em></strong></span> <span class='ocrx_word' id='word_1_303' title='bbox 271 3488 482 3558; x_wconf 84' lang='lat' dir='ltr'><strong>magnificentie</strong></span> <span class='ocrx_word' id='word_1_304' title='bbox 500 3489 572 3545; x_wconf 81' lang='lat' dir='ltr'><strong>Mai.</strong></span> <span class='ocrx_word' id='word_1_305' title='bbox 596 3488 745 3558; x_wconf 83' lang='lat' dir='ltr'><strong>magnifiee</strong></span> <span class='ocrx_word' id='word_1_306' title='bbox 760 3489 836 3545; x_wconf 83' lang='lat' dir='ltr'><strong><em>·A.P.</em></strong></span> <span class='ocrx_word' id='word_1_307' title='bbox 903 3495 938 3544; x_wconf 78' lang='lat'><strong>21</strong></span> <span class='ocrx_word' id='word_1_308' title='bbox 956 3487 1070 3559; x_wconf 81' lang='lat' dir='ltr'><strong>pervul-</strong></span> 
     </span>
     <span class='ocr_line' id='line_1_38' title="bbox 56 3559 818 3628; baseline 0.003 -16"><span class='ocrx_word' id='word_1_309' title='bbox 56 3559 135 3628; x_wconf 87' lang='lat' dir='ltr'><strong>gatio</strong></span> <span class='ocrx_word' id='word_1_310' title='bbox 154 3560 186 3616; x_wconf 89' lang='lat' dir='ltr'><strong>P.</strong></span> <span class='ocrx_word' id='word_1_311' title='bbox 254 3565 289 3615; x_wconf 78' lang='lat'><strong>25</strong></span> <span class='ocrx_word' id='word_1_312' title='bbox 308 3559 353 3615; x_wconf 88' lang='lat' dir='ltr'><strong>his</strong></span> <span class='ocrx_word' id='word_1_313' title='bbox 372 3560 405 3615; x_wconf 93' lang='lat' dir='ltr'><strong><em>P.</em></strong></span> <span class='ocrx_word' id='word_1_314' title='bbox 473 3565 507 3615; x_wconf 76' lang='lat'><strong>29</strong></span> <span class='ocrx_word' id='word_1_315' title='bbox 526 3560 617 3615; x_wconf 87' lang='lat' dir='ltr'><strong>meter</strong></span> <span class='ocrx_word' id='word_1_316' title='bbox 634 3559 693 3615; x_wconf 90' lang='lat' dir='ltr'><strong>iam</strong></span> <span class='ocrx_word' id='word_1_317' title='bbox 711 3575 762 3615; x_wconf 85' lang='lat' dir='ltr'><strong>om.</strong></span> <span class='ocrx_word' id='word_1_318' title='bbox 783 3559 818 3614; x_wconf 92' lang='lat' dir='ltr'><strong><em>P.</em></strong></span> 
     </span>
    </p>
   </div>
   <div class='ocr_carea' id='block_1_4' title="bbox 0 0 1192 3938">
    <p class='ocr_par' dir='ltr' id='par_1_5' title="bbox 0 0 1192 3938">
     <span class='ocr_line' id='line_1_39' title="bbox 0 0 1192 3938; baseline 0 0"><span class='ocrx_word' id='word_1_319' title='bbox 0 0 1192 3938; x_wconf 95' lang='lat' dir='ltr'><strong> </strong></span> 
     </span>
    </p>
   </div>
  </div>
 </body>
</html>
