2362 3938
349 166 642 226 ARGONAUTICON
661 171 809 226 LIBERI.

62 339 233 403 aequoreos
256 327 345 381 uocat
367 336 437 379 ecce
462 319 534 379 deos
557 319 714 398 Neptunus
737 328 769 381 22
790 323 896 400 iugens

62 411 236 475 concilium.
283 409 411 468 fremere
436 416 466 468 et
488 408 590 469 sedem
613 408 774 469 defendere
797 413 898 470 cuncti

61 503 232 562 hortantur.
279 499 322 557 sic
346 496 495 578 amplexu,
518 499 562 557 sic
585 505 707 576 pectora
729 498 840 580 fratris,

61 591 154 670 luno,
174 597 255 666 tene3
279 593 372 665 tuque
396 604 414 645 o
437 603 568 664 puppem
591 604 629 646 ne
653 585 774 667 desere,
797 585 906 649 Pallas:
1032 601 1085 651 215

61 697 161 757 nunc,
184 676 283 755 patrui
305 692 386 735 nunc
409 672 496 734 flecte
519 676 623 734 minas.
644 691 647 695 ’
670 692 788 734 cessere
811 683 965 755 ratemque

62 783 209 843 accepere
232 765 317 824 mari.
361 782 415 843 per
439 770 512 841 quot
534 763 705 823 discrimina
728 781 831 825 rerum

63 851 222 935 expediar!
246 851 344 913 subita
368 870 422 912 cur
445 851 570 930 pulcher
592 851 759 912 harundine
783 855 883 913 crines
983 868 987 879 1

63 943 146 1004 uelat
169 937 279 1021 Hylas?
302 941 382 1001 unde
406 959 482 1000 urna
504 941 616 1000 umeris
640 943 805 1020 niueosque
828 960 883 1020 per
906 950 989 1004 artus

63 1031 220 1093 caeruleae
239 1026 363 1090 uestes?
386 1029 465 1088 unde
489 1027 562 1088 haec
585 1029 640 1089 tibi
663 1029 802 1110 uulnera,
825 1026 952 1092 Pollux?
1029 1043 1081 1093 222

62 1128 195 1200 quantus
218 1121 247 1178 io
270 1118 391 1179 tumidis
415 1125 569 1177 taurorum
593 1136 609 1178 e
633 1117 755 1179 naribus
778 1116 869 1197 ignis!

63 1208 174 1270 tollunt
198 1225 229 1266 se
254 1207 352 1285 galeae
377 1206 527 1284 sulcisque
551 1224 588 1266 ex
610 1205 749 1266 omuibus
771 1207 873 1268 hastae

62 1305 95 1359 et
118 1297 318 1373 iamiamque
341 1297 446 1356 umeri.
493 1313 582 1375 quem
605 1298 698 1356 citum
721 1294 833 1355 uellere
856 1296 981 1358 Martem

61 1380 203 1464 aspicio?
222 1401 367 1462 quaenam
390 1384 509 1463 aligeris
533 1391 614 1444 secat
636 1383 782 1462 anguibus
806 1402 893 1444 auras

62 1473 155 1535 caede
179 1468 323 1532 madens?
347 1468 849 1550 22222222112212122122222122
873 1490 983 1551 paruos
1029 1484 1081 1534 222

61 1561 219 1623 Aesonide
266 1579 357 1621 cerno
381 1579 418 1620 en
441 1560 583 1621 thalamos
607 1562 711 1620 ardere
734 1555 868 1638 iugales?

108 1649 314 1710 iamdudum'
306 1651 404 1709 muisa
426 1649 537 1727 Minyas
561 1647 681 1725 ambage
700 1649 867 1727 ducemque

63 1738 222 1818 terrificat3
247 1736 299 1797 sed
323 1740 403 1798 enim
425 1745 495 1797 cont
496 1755 529 1796 ra
483 1735 719 1797 tPhoebeius
742 1736 856 1817 Idmon,

61 1847 124 1888 non
147 1826 258 1905 pallore
282 1827 371 1906 uiris,
394 1844 454 1885 non
477 1824 538 1885 ullo
562 1824 687 1884 horrore
711 1843 863 1886 comarum

61 1915 220 1995 2222111112,
242 1915 348 1996 plenus
371 1916 453 1993 pacis
476 1913 656 1991 Phoeboque
680 1915 791 1992 quieto,
1028 1925 1082 1976 232

62 2000 129 2088 (cui
153 2006 270 2082 genitor
292 2002 398 2064 tribuit
421 2004 536 2063 monitu
559 2019 757 2081 praenoscere
781 2001 886 2062 diuum

62 2095 175 2173 omina,
199 2110 252 2152 seu
275 2091 407 2151 flammas
431 2109 485 2152 seu
507 2090 622 2151 lubrica
646 2092 811 2151 comminus
834 2097 901 2151 exta

63 2200 120 2242 seu
143 2180 265 2260 plenum
288 2181 379 2241 certis
402 2181 566 2258 interroget
590 2179 710 2240 aethera
732 2171 848 2262 pinnis)

61 2273 107 2329 sic
132 2271 220 2328 sociis
242 2268 404 2348 Mopsoque
429 2270 521 2329 canit:
546 2264 701 2347 ‘quantum
724 2285 819 2346 augur
842 2266 945 2347 Apollo

62 2359 239 2435 flammaque
262 2359 358 2436 prima
381 2357 481 2437 docet,
503 2356 645 2436 praeduri
667 2356 755 2436 plena
777 2355 887 2417 laboris
1027 2367 1080 2418 232

61 2464 155 2507 cerno
179 2446 329 2524 equidem,
353 2447 468 2525 patiens
491 2445 544 2506 sed
568 2464 643 2524 quae
666 2448 740 2506 ratis
764 2447 862 2506 omnia
884 2447 995 2507 uincet.

60 2538 200 2614 ingentes
224 2533 328 2594 durate
352 2536 465 2594 animae
489 2533 651 2614 dulcesque
674 2541 833 2613 parentum

61 2625 176 2684 tendite
200 2623 236 2683 ad
259 2618 433 2703 amplexus?
478 2622 616 2683 lacrimae
641 2622 777 2683 cecidere
801 2625 929 2705 canenti,

62 2711 143 2789 quod
167 2711 224 2771 sibi
246 2715 304 2772 iam
328 2711 427 2771 clusos
450 2712 566 2771 inuenit
588 2712 620 2771 in
643 2712 762 2790 ignibus
785 2712 888 2790 Argos.

151 2797 206 2858 Vix
229 2817 263 2859 ea
286 2800 363 2860 latus
387 2808 464 2880 2222,
488 2801 585 2878 iungit
608 2818 677 2861 cum
700 2800 769 2860 talia
792 2800 899 2861 ductor
1025 2810 1079 2860 242

61 2886 223 2947 Aesonius:
246 2883 402 2967 ‘superum
425 2889 542 2967 quando
567 2888 702 2949 consulta
725 2888 843 2968 uidetis

62 2994 80 3035 o
104 2978 190 3056 socii,
209 2979 359 3055 tantisque
384 2977 471 3037 datur
494 2994 563 3057 spes
586 2978 712 3036 maxima
736 2978 858 3056 coeptis,

61 3083 116 3123 uos
141 3083 260 3143 quoque
283 3084 364 3125 nunc
383 3067 464 3126 uires
488 3068 661 3143 animosque
685 3063 798 3124 adferte
821 3069 969 3141 paternos.

62 3170 122 3211 non
145 3152 218 3212 mihi
241 3152 403 3215 Thessalici
426 3156 520 3233 pietas
540 3151 686 3236 eirlpanda
708 3153 825 3230 tyranni

62 3243 233 3319 suspeetiue
257 3240 330 3302 doli:
353 3244 428 3302 deus
450 3242 537 3322 haee,
560 3242 634 3300 deus
658 3241 756 3299 oniiuc
780 3239 884 3298 dextro
1025 3245 1077 3294 245

62 3330 201 3409 imperat3
224 3331 289 3408 ipse
313 3348 367 3390 suo
392 3330 488 3390 uoluit
511 3331 688 3389 commercia
712 3328 822 3387 mundo

62 3415 196 3495 luppiter
219 3425 250 3478 et
272 3426 371 3480 tantos
394 3420 549 3479 hominum
571 3419 697 3477 miscere
721 3415 846 3477 labores.

62 3505 115 3586 122,
138 3508 211 3587 uiri,
234 3524 352 3568 mecum
376 3507 533 3585 dubiisque
557 3506 687 3566 euincite
710 3503 811 3584 rebus
