2376 3938
325 205 617 261 ARGONAUTIGON
635 207 744 262 niens
762 207 808 262 VI.
840 212 843 217 ’
1008 209 1070 272 109

53 375 116 423 000
138 355 243 437 procul
266 354 399 414 albentes
425 356 541 432 gemina
565 355 634 416 ferit
657 355 757 435 aclyde
780 373 905 437 parmas,

56 447 179 511 hiberni
202 446 253 523 qui
277 451 360 520 terga
382 441 462 502 Noae
486 442 675 522 gelidumque
698 447 798 505 securi
1022 459 1073 508 100

53 537 140 599 00011
163 540 193 594 01
215 539 277 592 tota
300 549 361 591 non
384 529 466 590 audit
488 529 614 591 Alazona
636 535 715 613 ripa3

58 640 195 705 quosque
213 621 304 680 Taras
328 621 509 697 niueumque
533 620 614 680 ferax
636 620 792 682 Euarchus
814 621 939 684 olorum,

55 722 90 775 10
114 727 232 790 quoque
256 708 406 788 uenturis,
428 709 534 787 ingens
556 707 742 791 Ariasmene,
765 711 870 771 saeclis

58 799 247 877 tradiderim,
270 796 378 857 molem
401 794 472 856 belli
493 797 611 876 lateque
636 799 782 859 ferentem

59 888 192 966 undiquc
216 885 337 946 falcatos
361 884 479 944 deserta
501 904 556 964 per
578 904 708 965 aequora
730 906 847 948 currus.
896 914 901 920 ·

58 978 229 1056 insequitur
252 974 402 1034 Drancaea
424 972 550 1050 phalanx
574 974 770 1054 claustrisque
793 977 908 1054 profusi

60 1064 234 1144 Caspiadae,
258 1064 325 1140 quis
348 1060 436 1121 turba
459 1080 565 1123 canum
589 1082 649 1123 non
673 1067 793 1143 segnius
816 1083 901 1125 acres

57 1155 145 1217 exilit
168 1153 203 1212 ad
227 1151 317 1211 lituos
340 1167 514 1229 pugnasque
538 1154 665 1231 capessit
689 1153 785 1213 eriles

58 1242 129 1305 inde
153 1243 241 1301 etiam
263 1257 317 1319 par
339 1240 444 1298 mortis
467 1237 574 1322 honos,
597 1240 779 1319 tumulisque
801 1243 915 1321 recepti

59 1335 140 1392 inter
162 1347 234 1389 auos
257 1327 422 1405 loculisque
444 1328 557 1408 uirum;
581 1348 649 1390 nam
671 1337 793 1407 pectora
815 1331 896 1390 ferro
1024 1341 1074 1389 110

59 1417 271 1495 terribilesque
294 1417 401 1475 innexa
424 1415 509 1476 iubas
532 1420 593 1478 ruit
616 1420 731 1496 agmine
754 1420 839 1496 nigro

60 1507 230 1585 latratuque
254 1504 376 1582 cohors,
400 1511 510 1580 quanto
534 1513 619 1567 sonat
642 1505 763 1565 horrida
786 1506 860 1566 Ditis

57 1598 149 1657 ianua
172 1594 220 1654 uel
244 1610 368 1672 superas
391 1590 518 1651 Hecates
542 1595 700 1653 comitatus
723 1595 755 1653 10
778 1611 873 1653 auras.

61 1685 145 1744 ducit
167 1681 203 1741 ab
226 1680 372 1760 Hyrcanis
396 1687 480 1739 uates
504 1699 588 1741 sacer
611 1680 727 1760 agmina
749 1681 825 1741 lucis

59 1771 172 1851 Vanus3
196 1788 264 1831 eum
289 1768 424 1848 Scythiae
448 1770 506 1828 iam
529 1772 616 1830 tertia
639 1770 755 1830 uiderat
778 1776 857 1829 aetas
1025 1779 1075 1829 115

59 1860 263 1938 magnanimos
286 1856 399 1935 Minyas
422 1857 577 1936 Argoaque
601 1858 667 1918 uela
690 1866 854 1918 canentem.

60 1948 141 2008 illius
165 1954 195 2007 01
217 1946 295 2007 dites
317 1946 438 2004 monitis
461 1947 677 2023 spondentibus
700 1946 766 2007 Indi

58 2045 92 2097 et
115 2035 370 2113 centumgeminae
394 2031 490 2111 Lagea
513 2036 629 2096 nonalia
653 2034 770 2095 Thebes

60 2132 182 2202 totaque
205 2122 337 2203 Riphaeo
360 2121 507 2182 Panchaia
529 2132 614 2204 rapta
637 2123 797 2202 triumpho.

61 2212 192 2272 discolor
213 2211 344 2271 hastatas
367 2208 471 2270 effudit
493 2209 615 2272 Hiberia
636 2221 759 2291 turmas,
917 2268 919 2272 .

61 2319 136 2380 quas
160 2299 266 2360 Otaces
273 2348 282 2380 ,
306 2317 379 2377 quas
402 2297 499 2359 Latris
523 2309 614 2380 agunt
637 2309 667 2360 01
689 2309 791 2378 raptor
814 2317 953 2378 agrorum

62 2389 196 2468 Neurus,
219 2396 249 2449 et
273 2395 412 2466 expertes
435 2393 568 2450 canentis
591 2390 708 2469 lazyges
732 2390 806 2448 aeui.

61 2494 189 2555 namque
212 2475 264 2538 ubi
286 2478 344 2537 iam
367 2479 507 2565 uiresque
530 2497 634 2557 aegrae
657 2485 814 2555 motusque
836 2477 947 2538 refutat

13 2572 15 2575 '
51 2582 151 2626 'arcus
174 2573 204 2625 et
227 2568 365 2643 inceptus
387 2567 446 2625 iam
469 2566 570 2628 lancea
592 2569 699 2628 temnit
722 2566 812 2646 erilis,

60 2656 256 2732 magnanimis
279 2672 343 2713 mos
367 2654 474 2715 ductus
499 2658 575 2737 auis,
598 2656 669 2717 haut
693 2657 794 2734 segnia
818 2655 922 2714 mortis
1022 2663 1073 2714 101

61 2743 129 2801 1000
149 2743 224 2821 pati,
248 2742 351 2801 dextra
375 2742 427 2801 sed
450 2762 535 2804 carae
559 2744 737 2805 occumbere
759 2742 852 2821 prolis

62 2847 134 2890 ense
157 2830 239 2908 dato;
262 2836 464 2906 rumpuntque
488 2850 587 2892 moras
609 2840 757 2909 natusque
780 2845 957 2909 parensque,

62 2916 149 2979 ambo
173 2918 311 2995 animosi,
335 2915 420 2974 anrbo
444 2920 545 2978 miseri
569 2926 629 2979 tam
653 2918 781 2979 fortibus
805 2919 886 2976 actia.

60 3005 111 3065 hic
134 3011 165 3062 et
188 3002 310 3062 odorato
335 3005 482 3083 spirantes
505 3009 587 3066 crine
612 3007 707 3066 Siraci

62 3092 266 3168 Cessaeaeque
290 3109 410 3171 manus,
433 3100 463 3153 et
487 3096 538 3171 qui
561 3101 611 3153 tua
630 3097 736 3173 iugera
760 3089 892 3151 nondum
1027 3100 1079 3150 130

62 3181 162 3260 eruis,
186 3180 296 3257 ignotis
318 3182 422 3240 insons
445 3181 597 3261 Arimaspe
621 3179 755 3242 metallis.

64 3270 172 3329 doctus
196 3276 226 3328 et
248 3268 396 3329 Auchates
418 3270 519 3349 patulo
542 3289 616 3350 uaga
638 3269 759 3330 0100010
781 3286 853 3347 gyro

63 3375 205 3438 spargere
230 3365 260 3418 et
283 3366 431 3419 extremas
453 3359 566 3438 laqueis
589 3360 737 3420 adducere
761 3366 883 3418 turmas.

64 3464 126 3506 non
149 3465 204 3525 ego
228 3450 398 3528 sanguineis
421 3457 586 3527 gestantem
608 3457 745 3528 tympana
768 3445 853 3506 bellis

63 3534 266 3615 Thyrsageten
289 3540 479 3618 cinctumque
502 3540 587 3621 uagis
608 3545 679 3620 post
699 3543 790 3617 terga
808 3533 909 3597 sueno
1041 3538 1104 3584 &sb
