2362 3938
77 178 113 231 lV
476 167 690 225 PRAEFATIO.

76 325 180 403 paucis
196 331 293 382 tamen
309 339 384 399 quae
398 320 457 379 buc
471 320 624 397 pertinent
638 317 842 378 Romanorum
856 316 936 380 locis
960 319 1020 380 hoc
1033 316 1089 378 311111
1129 394 1131 401 Ι

76 412 155 471 cilici
178 428 267 488 posse
291 408 425 488 uidetur,
454 426 546 468 unum
569 407 633 466 lere
657 423 768 465 333331
791 405 829 465 ad
851 423 1089 487 unumquemque

77 500 197 558 maioris
225 498 350 557 alicuius
385 497 524 556 carminis
553 496 630 574 epici
657 493 769 554 librum
795 493 1023 558 absoluendum
1048 499 1089 556 13-

76 605 205 666 pensum
229 604 303 645 csse.
333 604 400 644 nam
423 594 453 644 et
467 583 614 662 Vergilius
637 582 778 642 undecim
802 584 889 642 anuis
914 586 947 643 13
972 584 1090 646 Aeneide

79 673 234 734 condenda
266 675 452 751 consumptis
484 672 616 732 nondum
648 679 748 730 tamen
780 669 920 731 ultimam
952 680 989 733 ut
1021 676 1091 734 aiunt

78 780 199 822 manum
232 763 259 819 31
292 761 443 821 addiderat
476 769 506 820 et
534 760 646 820 Statius
678 760 710 818 in
744 757 915 818 Thebaidos
949 758 1092 838 1133[1111

79 847 159 925 811]
193 844 223 907 ‘o
256 849 327 908 mihi
356 843 504 909 bissenos'
533 851 573 908 ait
602 842 739 907 ‘multum
767 847 888 925 uigilata
922 867 981 927 per
1011 866 1092 909 annos

79 933 213 998 Thebai’.
260 956 314 996 nec
347 939 432 1014 parui
466 937 501 996 ad
533 937 609 996 11333
642 938 848 1014 quaestionem
880 940 1030 998 momenti
1056 944 1092 997 est

78 1026 163 1087 locus
187 1025 294 1103 dialogi
318 1025 440 1104 Tacitei,
464 1027 495 1083 13
519 1043 578 1103 quo
603 1023 641 1099 [c.
666 1021 700 1100 9]
726 1024 762 1083 de
787 1023 884 1083 Saleio
908 1023 1005 1085 Basso
1028 1027 1091 1086 haec

79 1114 205 1192 legimus
229 1109 282 1192 ‘ut
307 1131 375 1172 cum
400 1119 571 1186 13133333,
594 1131 650 1191 per
674 1130 777 1171 omnes
801 1111 875 1192 11133,
897 1131 1008 1191 magna
1032 1132 1091 1174 noc·

79 1203 154 1260 tium
176 1209 273 1280 113113,
304 1218 395 1260 ortum
418 1202 530 1260 librum
553 1201 674 1260 excudit
701 1208 731 1260 et
760 1200 964 1282 elucubrauit,
993 1220 1091 1281 rogare

80 1287 159 1348 ultro
192 1295 222 1347 et
250 1287 362 1347 ambire
392 1296 516 1367 cogatur
544 1297 578 1348 ut
605 1291 665 1349 sint
698 1291 750 1366 qui
777 1289 940 1367 dignentur
974 1284 1092 1351 audire!

79 1375 159 1436 bunc
188 1378 279 1455 igitur
307 1395 434 1457 morem,
467 1395 527 1455 quo
560 1395 685 1456 poeseos
718 1378 818 1455 epicae
848 1376 977 1438 studiosi
1009 1380 1091 1439 unius

80 1467 149 1526 anni
182 1468 312 1544 spatium
340 1465 464 1545 siugulis
492 1465 576 1526 libris
608 1464 790 1525 excudendis
812 1465 1040 1549 impendebant,
1070 1467 1092 1526 si

80 1552 215 1615 Valerius
244 1562 366 1615 secutus
395 1562 454 1635 331,
477 1563 546 1634 post
569 1573 594 1614 3.
619 1550 659 1613 19
684 1553 793 1613 librum
817 1560 960 1615 octauum
984 1555 1090 1615 iamdu-

81 1642 153 1703 dum
177 1642 353 1704 absoluerat.
382 1644 428 1703 sin
452 1661 526 1703 uero
550 1661 599 1702 res
622 1660 718 1719 usque
742 1640 1091 1722 3111111111113161,

81 1733 133 1808 qui
161 1749 240 1790 nunc
268 1735 360 1792 totius
389 1735 488 1810 operis
517 1738 563 1790 est
590 1729 726 1809 ultimus,
758 1737 899 1790 tractatas
928 1734 1091 1792 accuratius

81 1820 247 1897 inspexeris
279 1822 380 1898 itaque
421 1838 550 1899 quonam
582 1818 669 1879 modo
701 1826 789 1897 poeta
821 1826 925 1879 noster
957 1811 1109 1881 historias*

82 1925 151 1967 3333
174 1918 330 1988 pertexere
355 1908 661 1988 3313313313333113,
688 1914 805 1967 tantum
826 1910 970 1968 materiae
995 1926 1091 1988 super·

82 2013 148 2056 csse
171 1996 300 2076 uidebis,
329 1997 414 2057 133113
442 2005 477 2057 31
504 2004 644 2075 quattuor
670 1995 754 2055 libris
777 1997 903 2074 integris
936 1998 1092 2058 suffecerit.

81 2102 180 2162 neque
216 2085 320 2145 dubito
357 2088 429 2163 quin
456 2085 580 2145 Flaccus
607 2083 769 2163 Vergilium
805 2083 938 2162 aliosque
976 2094 1092 2147 secutus

82 2171 320 2249 Argonautarum
343 2192 392 2232 133
407 2181 505 2251 gestas
528 2172 686 2233 duodecim
708 2173 793 2233 libris
816 2175 969 2234 cecinerit.
997 2177 1093 2254 itaque

81 2260 133 2336 qui
162 2277 186 2318 3.
213 2258 252 2319 71
277 2262 407 2338 primum
435 2260 545 2320 librum
568 2269 599 2320 et
621 2260 762 2341 deinceps
786 2263 891 2321 annuis
914 2263 1092 2324 recitationi·

82 2345 139 2405 bus
166 2345 258 2409 libros
286 2351 480 2426 insequentes
509 2348 707 2430 praelegerat,
735 2352 760 2409 is
788 2350 851 2411 1313
879 2368 905 2410 a.
929 2347 973 2412 82
1001 2359 1093 2413 totum

81 2452 157 2511 opus
183 2434 379 2512 persoluerat.
426 2436 505 2515 quod
534 2443 654 2497 auctum
683 2438 946 2520 emendatumque,
975 2448 1010 2501 ut
1032 2440 1093 2500 11311

81 2519 206 2601 solebat,
235 2519 326 2582 383
357 2523 406 2582 uel
435 2521 644 2585 8433133331
671 2535 758 2607 113131
786 2526 866 2588 uude
893 2529 925 2586 in
949 2527 1027 2588 libro
1050 2526 1093 2607 lv,

81 2611 133 2693 qui
164 2610 330 2670 secundum
361 2618 493 2672 nostram
531 2616 782 2693 computationem
815 2633 839 2675 a.
873 2611 916 2676 74
953 2619 1094 2678 recitatus

81 2704 139 2776 est,
172 2700 216 2757 131
248 2699 341 2759 multo
373 2708 442 2778 post
473 2708 574 2778 gestae
611 2703 677 2762 11311
709 2706 891 2764 mentionem
922 2705 1094 2784 explicatur.

80 2787 139 2845 1313
162 2804 230 2846 cum
252 2790 353 2866 priore
377 2807 449 2848 cura
472 2789 594 2851 dimissa
621 2810 716 2852 nouae
741 2793 912 2871 cogitationi
940 2800 1003 2853 toto
1027 2811 1093 2873 pec-

81 2881 146 2934 tore
173 2876 362 2937 incumberet
389 2876 536 2961 Valerius,
568 2889 756 2959 praematura
788 2888 884 2941 313113
916 2880 1026 2951 litteris
1050 2889 1095 2942 331

81 2973 211 3043 ereptus.
253 2967 333 3027 unde
357 2969 467 3046 optime
490 2969 673 3048 intellegitur
697 2969 870 3040 Quintiliani
893 2968 1007 3031 dictum
1030 2972 1093 3031 uni·

80 3070 150 3113 cum
173 3074 249 3134 opus
271 3058 422 3135 integrum
444 3076 461 3116 3
483 3065 571 3136 poeta
594 3058 682 3118 docto
706 3057 843 3117 relictum
868 3076 935 3118 esse
958 3057 1094 3120 dolentis.

169 3142 222 3202 His
246 3145 411 3205 rationibus
434 3146 553 3206 adducti
577 3165 609 3205 ca
638 3163 713 3224 quae
740 3152 809 3221 post
835 3142 989 3207 v111467
1015 3165 1095 3208 nunc

79 3223 189 3290 desunt
211 3231 325 3292 librarii
347 3235 462 3293 incuria
485 3235 611 3311 periisse
630 3232 785 3293 Heinsium
808 3233 904 3290 secuti
928 3237 1094 3312 opinamur.

78 3311 149 3373 licet
164 3320 243 3377 enim
266 3323 481 3398 argumentatio
496 3328 598 3379 nostra
621 3318 811 3379 fundamento
825 3319 973 3381 innitatur
997 3323 1095 3404 11311111,

78 3401 203 3462 eandem
226 3413 325 3467 tamen
349 3415 413 3468 3113
437 3416 466 3468 31
488 3408 603 3466 ratione
631 3424 696 3466 esse
719 3405 886 3464 institutam
910 3408 996 3471 133113
1020 3411 1095 3473 1111111

78 3502 276 3550 concessuros
304 3494 421 3554 confido
449 3495 563 3555 iudices
590 3512 710 3572 aequos.
756 3499 838 3551 certe
865 3494 994 3556 multum
1017 3499 1114 3574 mul-t
