2376 3938
436 202 553 258 Acras
571 201 795 258 ALEXANDRI.
1069 203 1112 269 85

96 369 185 432 ceret
215 365 472 432 secundaturum.
523 365 561 429 Id
591 387 664 430 cum
695 366 747 430 die
774 368 897 432 statuto
926 366 1112 433 Alexander

94 455 274 520 hausturus
303 453 401 538 foret,
430 453 515 518 forte
543 454 738 520 Parmenion
768 453 900 538 quidam
930 476 947 519 e
978 455 1112 523 ducibus

94 544 199 629 regis,
237 542 322 607 enim
355 542 494 607 infestus
527 541 679 626 Philippo
712 543 852 626 medice,
889 543 1112 609 huiuscemodi

96 631 276 698 sententiae
296 631 481 697 Alexandro
505 629 633 695 litteras
652 631 764 715 mittit,
787 631 904 716 quibus
922 631 1111 716 Philippum

95 722 183 786 hunc
213 719 415 785 clandestina
445 722 606 784 tractasse
632 741 706 785 cum
733 718 834 785 Dario
863 719 998 785 consilia
1025 741 1138 786 com-s

95 812 251 892 moneret,
270 808 320 873 uti
338 830 396 892 per
410 809 561 892 poculum
581 808 679 874 saluti
693 807 871 873 Alexandri
890 808 1111 892 insidiaretur3

95 898 166 962 eins
196 898 243 962 rei
274 896 454 962 merc‘edem
481 895 633 981 Philippo
663 896 748 984 fore,
777 900 815 961 nt
845 918 991 963 sororem
1018 897 1112 963 Darii

94 991 286 1070 partemque
315 986 408 1070 regni
441 1007 513 1051 cum
544 984 643 1050 Dario
676 985 871 1071 pepigisset3
902 985 981 1051 boni
1010 986 1111 1070 igitur

96 1075 282 1139 consuleret
309 1095 365 1138 rex
393 1077 427 1138 et
457 1075 498 1138 ab
529 1074 586 1138 illa
614 1074 791 1139 curationis
820 1095 877 1159 spe
904 1078 1110 1157 temperaret

97 1161 295 1246 Suspectans
319 1161 503 1228 Alexander
524 1162 672 1246 proinde,
695 1167 806 1228 utres
830 1167 914 1248 erat,
937 1164 1109 1248 epistolam
1123 1187 1150 1232 re

95 1252 225 1336 quidem
256 1250 437 1334 intrepidus
470 1251 561 1316 vultu
594 1255 627 1316 et
657 1253 767 1318 animo
801 1250 841 1318 ad
873 1256 971 1336 caput
1000 1251 1111 1319 lectuli

93 1340 244 1423 protinus
272 1341 375 1424 ponit.
420 1338 564 1423 Accepto
593 1342 701 1405 autem
725 1341 854 1424 poculo,
883 1363 957 1406 cum
984 1340 1017 1405 id
1044 1341 1111 1407 iem

94 1428 228 1492 haustui
251 1428 461 1511 admovisset,
489 1428 603 1493 eodem
625 1434 792 1495 momento
815 1429 914 1494 etiam
938 1430 1110 1514 epistolam

93 1516 247 1601 Philippo
271 1516 443 1603 legendam
467 1517 531 1580 dat.
577 1515 722 1601 Cumque
749 1540 813 1583 uno
840 1519 876 1582 in
903 1520 1050 1600 tempore
1078 1520 1112 1581 et

94 1605 150 1669 ille
173 1608 301 1689 potum,
330 1626 426 1689 quem
449 1609 630 1689 acceperat,
655 1606 892 1671 transmisisset
919 1609 952 1670 et
979 1605 1035 1670 hic
1056 1605 1111 1670 lit-
1124 1627 1151 1670 rs

94 1698 184 1758 teras
206 1693 408 1779 perlegisset,
432 1693 527 1758 facile
551 1693 639 1758 dedit
661 1693 786 1759 medico
804 1693 1010 1778 intellexisse,
1034 1690 1110 1778 quid

96 1783 136 1846 de
159 1781 331 1847 sedulitate
360 1783 427 1846 eius
452 1782 615 1865 opinionis
640 1781 819 1847 habuisset.
864 1781 1013 1866 Denique
1036 1804 1109 1847 cum
1149 1855 1156 1866 .

95 1871 220 1936 curatio
248 1871 306 1935 illa
336 1871 377 1936 ad
406 1871 583 1954 pristinum
612 1872 735 1936 statum
763 1869 983 1936 Alexandrum
1011 1870 1109 1935 dedu·

93 1960 196 2023 xisset
222 1958 456 2044 Philippusque
488 1960 646 2026 ultionem
678 1959 837 2024 mendacii
863 1959 1041 2043 flagitaret,
1073 1963 1111 2024 ut

93 2048 267 2113 insidiatus
290 2049 360 2133 regi
382 2048 554 2113 Parmenio
578 2069 700 2132 poenae
724 2050 830 2131 capite
853 2046 1013 2132 dependit.
1101 2072 1150 2114 ,ao

186 2135 244 2204 25.
295 2135 404 2223 Igitur
439 2140 569 2223 recepta
605 2136 791 2202 valetudine
827 2135 1012 2202 Alexander
1051 2157 1110 2219 per
1126 2145 1174 2204 IX

93 2224 209 2290 Medos
240 2227 416 2291 exercitum
446 2227 565 2291 ducens
594 2227 656 2291 iter
685 2225 768 2290 illud
796 2225 907 2290 multis
935 2225 1110 2291 admodum

95 2314 208 2378 diebus
236 2335 295 2396 per
324 2314 452 2379 deserta
480 2314 622 2399 regionis
651 2335 798 2380 emensus
827 2317 877 2379 est
908 2315 1110 2399 multamque

95 2423 199 2486 aquae
226 2404 393 2486 penuriam
423 2402 586 2469 toleravit.
635 2402 781 2468 Tandem
811 2403 948 2487 deniqne
975 2403 1017 2467 ad
1044 2401 1108 2468 ltu-

94 2490 247 2575 phratem
270 2493 416 2573 veniens,
442 2491 591 2570 fluvium
599 2493 825 2579 magnitudine
847 2491 935 2557 haud
958 2493 1108 2575 cuiquam
1122 2512 1149 2555 aa

94 2580 190 2644 facile
209 2581 395 2664 secundum,
417 2600 519 2664 eoque
537 2580 703 2662 constrato
722 2581 861 2648 naribus
881 2584 979 2665 atque
999 2583 1109 2664 ponte,

95 2690 159 2752 quo
187 2670 251 2733 iter
278 2669 344 2734 suis
372 2669 613 2734 incunctantius
639 2670 861 2754 persuaderet,
889 2670 1012 2753 primus
1041 2690 1108 2734 om·

93 2757 184 2821 nium
209 2762 345 2840 pontem
372 2778 520 2823 emensus
549 2758 778 2824 auctoritatem
806 2759 931 2824 cunctis
956 2757 1109 2824 audaciae

94 2847 270 2930 praestitit
316 2845 413 2911 Omni
440 2846 540 2932 igitur
567 2846 634 2910 iam
660 2847 870 2912 multitudine
897 2846 1109 2932 impedimen·

94 2935 201 3018 tisque
232 2934 434 3000 transmissis
465 2934 554 3000 illico
583 2935 664 3000 solvi
691 2939 825 3020 pontem
852 2938 1108 3018 compactarum·
1122 2955 1149 2997 eo

96 3044 157 3107 que
186 3024 227 3087 ob
256 3023 289 3086 id
316 3023 448 3088 navium
476 3022 566 3087 iubet
593 3024 732 3089 vincula.
778 3023 817 3087 Id
846 3044 919 3089 cum
950 3024 1108 3087 exercitus

94 3229 156 3267 cum
179 3215 337 3283 deperierit,
366 3215 410 3269 hic
434 3215 535 3283 incepit
557 3230 659 3285 magna
681 3215 794 3269 sedecim
812 3214 984 3283 popinarum
1008 3214 1110 3270 lacuna

94 3285 126 3338 in
143 3285 179 3338 A,
235 3285 425 3340 thausturus
440 3286 497 3342 Mr.
521 3286 658 3339 hausurus
677 3285 709 3340 P.
769 3283 906 3353 Aquibus
921 3284 978 3340 Mr.
1003 3299 1058 3352 qua
1073 3284 1107 3341 P.

96 3360 110 3408 7
127 3356 283 3410 mercedem
291 3356 348 3412 Mr.
362 3358 490 3413 mercede
498 3356 531 3412 P.
571 3361 603 3418 10
617 3355 735 3424 proinde
744 3356 778 3411 P.
793 3353 929 3426 perinde?
948 3355 983 3409 cf.
993 3355 1109 3410 Hermes

96 3425 202 3480 XXII
214 3443 244 3496 p.
260 3432 327 3483 628.
366 3433 399 3482 13
418 3428 517 3483 eodem
535 3445 586 3496 per
604 3431 746 3481 momento
760 3428 793 3483 P.
830 3432 865 3480 20
883 3426 1059 3496 parmenium
1073 3427 1108 3483 P.

185 3497 233 3554 25.
252 3503 287 3552 25
306 3498 436 3566 cuiquam
456 3497 521 3553 Ood.
543 3498 593 3554 On.
622 3498 721 3566 cuique
741 3498 775 3553 P.
849 3503 881 3553 27
902 3496 1108 3554 incunctantius

95 3565 160 3623 Cod.
182 3568 233 3624 Oa.
260 3569 488 3624 incunctantibus
509 3568 543 3622 P.
