<?xml version="1.0" encoding="UTF-8"?>
<!DOCTYPE html PUBLIC "-//W3C//DTD XHTML 1.0 Transitional//EN"
    "http://www.w3.org/TR/xhtml1/DTD/xhtml1-transitional.dtd">
<html xmlns="http://www.w3.org/1999/xhtml" xml:lang="en" lang="en">
 <head>
  <title>
</title>
<meta http-equiv="Content-Type" content="text/html;charset=utf-8" />
  <meta name='ocr-system' content='tesseract 3.04.00' />
  <meta name='ocr-capabilities' content='ocr_page ocr_carea ocr_par ocr_line ocrx_word'/>
</head>
<body>
  <div class='ocr_page' id='page_1' title='image "./domitiivlpianiq00huscgoog/domitiivlpianiq00huscgoog_0174.png"; bbox 0 0 2362 3938; ppageno 0'>
   <div class='ocr_carea' id='block_1_1' title="bbox 412 183 1096 250">
    <p class='ocr_par' dir='ltr' id='par_1_1' title="bbox 412 183 1096 250">
     <span class='ocr_line' id='line_1_1' title="bbox 412 183 1096 250; baseline 0.003 -12"><span class='ocrx_word' id='word_1_1' title='bbox 412 183 528 238; x_wconf 80' lang='lat' dir='ltr'>ORTUS</span> <span class='ocrx_word' id='word_1_2' title='bbox 547 183 768 240; x_wconf 80' lang='lat' dir='ltr'>ALEXANDRI.</span> <span class='ocrx_word' id='word_1_3' title='bbox 1054 186 1096 250; x_wconf 79' lang='lat'>51</span> 
     </span>
    </p>
   </div>
   <div class='ocr_carea' id='block_1_2' title="bbox 76 346 1135 3088">
    <p class='ocr_par' dir='ltr' id='par_1_2' title="bbox 76 346 1135 3088">
     <span class='ocr_line' id='line_1_2' title="bbox 76 346 1098 431; baseline 0.003 -20"><span class='ocrx_word' id='word_1_4' title='bbox 76 347 170 430; x_wconf 90' lang='lat' dir='ltr'>taris,</span> <span class='ocrx_word' id='word_1_5' title='bbox 197 367 258 431; x_wconf 85' lang='lat' dir='ltr'>ego</span> <span class='ocrx_word' id='word_1_6' title='bbox 282 352 393 411; x_wconf 90' lang='lat' dir='ltr'>tamen</span> <span class='ocrx_word' id='word_1_7' title='bbox 413 346 495 410; x_wconf 92' lang='lat' dir='ltr'>mihi</span> <span class='ocrx_word' id='word_1_8' title='bbox 518 350 555 411; x_wconf 90' lang='lat' dir='ltr'>ut</span> <span class='ocrx_word' id='word_1_9' title='bbox 578 347 746 430; x_wconf 89' lang='lat' dir='ltr'>auspicato</span> <span class='ocrx_word' id='word_1_10' title='bbox 766 351 883 411; x_wconf 91' lang='lat' dir='ltr'>cuncta</span> <span class='ocrx_word' id='word_1_11' title='bbox 908 371 945 413; x_wconf 86' lang='grc'>011</span> <span class='ocrx_word' id='word_1_12' title='bbox 969 352 1002 413; x_wconf 87' lang='grc'>10</span> <span class='ocrx_word' id='word_1_13' title='bbox 1026 371 1098 414; x_wconf 90' lang='grc'><strong>001-</strong></span> 
     </span>
     <span class='ocr_line' id='line_1_3' title="bbox 77 435 1098 520; baseline 0.002 -20"><span class='ocrx_word' id='word_1_14' title='bbox 77 458 171 500; x_wconf 89' lang='lat' dir='ltr'>eessa</span> <span class='ocrx_word' id='word_1_15' title='bbox 209 457 247 500; x_wconf 91' lang='lat' dir='ltr'>ac</span> <span class='ocrx_word' id='word_1_16' title='bbox 280 457 399 520; x_wconf 89' lang='lat' dir='ltr'>sponsa</span> <span class='ocrx_word' id='word_1_17' title='bbox 433 435 621 518; x_wconf 91' lang='lat' dir='ltr'>profitebor.</span> <span class='ocrx_word' id='word_1_18' title='bbox 675 435 795 519; x_wconf 81' lang='lat' dir='ltr'><strong>Accepi</strong></span> <span class='ocrx_word' id='word_1_19' title='bbox 830 436 916 502; x_wconf 93' lang='lat' dir='ltr'>enim</span> <span class='ocrx_word' id='word_1_20' title='bbox 951 436 1098 502; x_wconf 83' lang='lat' dir='ltr'>habenae</span> 
     </span>
     <span class='ocr_line' id='line_1_4' title="bbox 77 524 1098 608; baseline 0.002 -19"><span class='ocrx_word' id='word_1_21' title='bbox 77 526 204 589; x_wconf 90' lang='lat' dir='ltr'>scilicet</span> <span class='ocrx_word' id='word_1_22' title='bbox 229 527 443 608; x_wconf 89' lang='lat' dir='ltr'>potestatem,</span> <span class='ocrx_word' id='word_1_23' title='bbox 471 528 508 589; x_wconf 92' lang='lat' dir='ltr'>ut</span> <span class='ocrx_word' id='word_1_24' title='bbox 530 524 684 606; x_wconf 82' lang='lat' dir='ltr'>habeam,</span> <span class='ocrx_word' id='word_1_25' title='bbox 713 547 776 608; x_wconf 87' lang='lat' dir='ltr'>qua</span> <span class='ocrx_word' id='word_1_26' title='bbox 803 524 838 587; x_wconf 93' lang='lat' dir='ltr'>in</span> <span class='ocrx_word' id='word_1_27' title='bbox 862 525 1025 591; x_wconf 81' lang='lat' dir='ltr'>subiectos</span> <span class='ocrx_word' id='word_1_28' title='bbox 1048 527 1098 591; x_wconf 89' lang='lat' dir='ltr'>uti</span> 
     </span>
     <span class='ocr_line' id='line_1_5' title="bbox 77 613 1097 697; baseline 0.002 -20"><span class='ocrx_word' id='word_1_29' title='bbox 77 614 237 678; x_wconf 88' lang='lat' dir='ltr'>scientius</span> <span class='ocrx_word' id='word_1_30' title='bbox 264 613 402 696; x_wconf 87' lang='lat' dir='ltr'>possim;</span> <span class='ocrx_word' id='word_1_31' title='bbox 432 613 517 696; x_wconf 88' lang='lat' dir='ltr'>pilae</span> <span class='ocrx_word' id='word_1_32' title='bbox 541 634 619 677; x_wconf 79' lang='lat' dir='ltr'>vero</span> <span class='ocrx_word' id='word_1_33' title='bbox 644 613 852 696; x_wconf 91' lang='lat' dir='ltr'>simulamen,</span> <span class='ocrx_word' id='word_1_34' title='bbox 880 613 1035 697; x_wconf 88' lang='lat' dir='ltr'>quoniam</span> <span class='ocrx_word' id='word_1_35' title='bbox 1058 636 1097 679; x_wconf 88' lang='lat' dir='ltr'>ex</span> 
     </span>
     <span class='ocr_line' id='line_1_6' title="bbox 77 700 1130 786; baseline 0.001 -20"><span class='ocrx_word' id='word_1_36' title='bbox 77 703 207 766; x_wconf 87' lang='lat' dir='ltr'>ambitu</span> <span class='ocrx_word' id='word_1_37' title='bbox 232 703 283 766; x_wconf 91' lang='grc'><strong>0111</strong></span> <span class='ocrx_word' id='word_1_38' title='bbox 306 705 339 766; x_wconf 88' lang='grc'>01</span> <span class='ocrx_word' id='word_1_39' title='bbox 361 701 560 766; x_wconf 77' lang='lat' dir='ltr'>rotunditate</span> <span class='ocrx_word' id='word_1_40' title='bbox 584 701 672 766; x_wconf 90' lang='lat' dir='ltr'>orbis</span> <span class='ocrx_word' id='word_1_41' title='bbox 695 701 805 786; x_wconf 82' lang='lat' dir='ltr'>imago</span> <span class='ocrx_word' id='word_1_42' title='bbox 830 700 988 785; x_wconf 85' lang='lat' dir='ltr'>videatur,</span> <span class='ocrx_word' id='word_1_43' title='bbox 1009 701 1130 773; x_wconf 73' lang='grc'><strong>11011115</strong></span> 
     </span>
     <span class='ocr_line' id='line_1_7' title="bbox 77 789 1098 874; baseline 0.001 -19"><span class='ocrx_word' id='word_1_44' title='bbox 77 792 177 855; x_wconf 92' lang='lat' dir='ltr'>dubie</span> <span class='ocrx_word' id='word_1_45' title='bbox 206 791 288 854; x_wconf 91' lang='lat' dir='ltr'>mihi</span> <span class='ocrx_word' id='word_1_46' title='bbox 316 790 538 855; x_wconf 88' lang='lat' dir='ltr'>universitatis</span> <span class='ocrx_word' id='word_1_47' title='bbox 567 789 671 874; x_wconf 90' lang='lat' dir='ltr'>ipsius</span> <span class='ocrx_word' id='word_1_48' title='bbox 699 811 757 873; x_wconf 90' lang='lat' dir='ltr'>per</span> <span class='ocrx_word' id='word_1_49' title='bbox 787 793 819 854; x_wconf 91' lang='lat' dir='ltr'>te</span> <span class='ocrx_word' id='word_1_50' title='bbox 848 789 1021 872; x_wconf 92' lang='lat' dir='ltr'>imperium</span> <span class='ocrx_word' id='word_1_51' title='bbox 1051 813 1098 856; x_wconf 91' lang='lat' dir='ltr'>re·</span> 
     </span>
     <span class='ocr_line' id='line_1_8' title="bbox 76 878 1097 964; baseline 0.001 -21"><span class='ocrx_word' id='word_1_52' title='bbox 76 879 254 962; x_wconf 91' lang='lat' dir='ltr'>promittit.</span> <span class='ocrx_word' id='word_1_53' title='bbox 298 878 454 962; x_wconf 85' lang='lat' dir='ltr'>Quodque</span> <span class='ocrx_word' id='word_1_54' title='bbox 477 878 530 943; x_wconf 94' lang='lat' dir='ltr'>hic</span> <span class='ocrx_word' id='word_1_55' title='bbox 553 879 687 943; x_wconf 91' lang='lat' dir='ltr'>tertium</span> <span class='ocrx_word' id='word_1_56' title='bbox 711 882 771 962; x_wconf 90' lang='lat' dir='ltr'>est,</span> <span class='ocrx_word' id='word_1_57' title='bbox 792 879 916 943; x_wconf 90' lang='lat' dir='ltr'>loculos</span> <span class='ocrx_word' id='word_1_58' title='bbox 941 899 1002 964; x_wconf 83' lang='lat' dir='ltr'>ego</span> <span class='ocrx_word' id='word_1_59' title='bbox 1026 880 1097 945; x_wconf 89' lang='lat' dir='ltr'>auri</span> 
     </span>
     <span class='ocr_line' id='line_1_9' title="bbox 77 966 1098 1052; baseline -0.002 -19"><span class='ocrx_word' id='word_1_60' title='bbox 77 991 115 1033; x_wconf 89' lang='lat' dir='ltr'>ao</span> <span class='ocrx_word' id='word_1_61' title='bbox 148 969 176 1031; x_wconf 92' lang='lat' dir='ltr'>si</span> <span class='ocrx_word' id='word_1_62' title='bbox 209 990 307 1051; x_wconf 92' lang='lat' dir='ltr'>opum</span> <span class='ocrx_word' id='word_1_63' title='bbox 342 972 470 1033; x_wconf 85' lang='lat' dir='ltr'>tuarum</span> <span class='ocrx_word' id='word_1_64' title='bbox 502 968 625 1032; x_wconf 86' lang='lat' dir='ltr'>factam</span> <span class='ocrx_word' id='word_1_65' title='bbox 654 966 734 1030; x_wconf 92' lang='lat' dir='ltr'>mihi</span> <span class='ocrx_word' id='word_1_66' title='bbox 768 967 878 1051; x_wconf 87' lang='lat' dir='ltr'>accepi</span> <span class='ocrx_word' id='word_1_67' title='bbox 910 968 1098 1052; x_wconf 91' lang='lat' dir='ltr'>cessionem,</span> 
     </span>
     <span class='ocr_line' id='line_1_10' title="bbox 77 1055 1097 1140; baseline 0.001 -20"><span class='ocrx_word' id='word_1_68' title='bbox 77 1057 326 1140; x_wconf 84' lang='lat' dir='ltr'>subiectumque</span> <span class='ocrx_word' id='word_1_69' title='bbox 350 1061 383 1120; x_wconf 91' lang='grc'>10</span> <span class='ocrx_word' id='word_1_70' title='bbox 402 1056 526 1120; x_wconf 87' lang='lat' dir='ltr'>viribus</span> <span class='ocrx_word' id='word_1_71' title='bbox 550 1056 632 1119; x_wconf 91' lang='lat' dir='ltr'>meis</span> <span class='ocrx_word' id='word_1_72' title='bbox 653 1078 799 1121; x_wconf 92' lang='lat' dir='ltr'>annuum</span> <span class='ocrx_word' id='word_1_73' title='bbox 817 1055 904 1122; x_wconf 88' lang='lat' dir='ltr'>istud</span> <span class='ocrx_word' id='word_1_74' title='bbox 927 1057 1008 1121; x_wconf 91' lang='lat' dir='ltr'>mihi</span> <span class='ocrx_word' id='word_1_75' title='bbox 1026 1056 1097 1122; x_wconf 88' lang='lat' dir='ltr'>fore</span> 
     </span>
     <span class='ocr_line' id='line_1_11' title="bbox 76 1143 1135 1231; baseline 0.007 -23"><span class='ocrx_word' id='word_1_76' title='bbox 76 1146 221 1231; x_wconf 92' lang='lat' dir='ltr'>pretium</span> <span class='ocrx_word' id='word_1_77' title='bbox 246 1146 411 1210; x_wconf 86' lang='lat' dir='ltr'>servitutis</span> <span class='ocrx_word' id='word_1_78' title='bbox 436 1143 670 1228; x_wconf 65' lang='lat' dir='ltr'>depensuram?</span> <span class='ocrx_word' id='word_1_79' title='bbox 1112 1177 1135 1215; x_wconf 85' lang='grc'>11</span> 
     </span>
     <span class='ocr_line' id='line_1_12' title="bbox 161 1231 1135 1320; baseline -0.002 -23"><span class='ocrx_word' id='word_1_80' title='bbox 161 1231 220 1298; x_wconf 82' lang='lat'>41.</span> <span class='ocrx_word' id='word_1_81' title='bbox 236 1233 298 1298; x_wconf 91' lang='lat' dir='ltr'>His</span> <span class='ocrx_word' id='word_1_82' title='bbox 307 1235 408 1319; x_wconf 85' lang='lat' dir='ltr'>igitur</span> <span class='ocrx_word' id='word_1_83' title='bbox 418 1235 537 1298; x_wconf 89' lang='lat' dir='ltr'>litteris</span> <span class='ocrx_word' id='word_1_84' title='bbox 547 1235 657 1317; x_wconf 89' lang='lat' dir='ltr'>palam</span> <span class='ocrx_word' id='word_1_85' title='bbox 668 1234 760 1298; x_wconf 90' lang='lat' dir='ltr'>lectis</span> <span class='ocrx_word' id='word_1_86' title='bbox 771 1238 869 1319; x_wconf 86' lang='lat' dir='ltr'>atque</span> <span class='ocrx_word' id='word_1_87' title='bbox 880 1235 1018 1320; x_wconf 78' lang='lat' dir='ltr'>signatis</span> <span class='ocrx_word' id='word_1_88' title='bbox 1035 1239 1135 1296; x_wconf 78' lang='lat' dir='ltr'>mn</span> 
     </span>
     <span class='ocr_line' id='line_1_13' title="bbox 77 1321 1135 1408; baseline 0.003 -23"><span class='ocrx_word' id='word_1_89' title='bbox 77 1323 183 1387; x_wconf 89' lang='lat' dir='ltr'>redire</span> <span class='ocrx_word' id='word_1_90' title='bbox 204 1324 421 1388; x_wconf 86' lang='lat' dir='ltr'>internuntios</span> <span class='ocrx_word' id='word_1_91' title='bbox 440 1324 540 1388; x_wconf 91' lang='lat' dir='ltr'>iubet.</span> <span class='ocrx_word' id='word_1_92' title='bbox 574 1322 649 1406; x_wconf 91' lang='lat' dir='ltr'>Ipse</span> <span class='ocrx_word' id='word_1_93' title='bbox 668 1327 778 1387; x_wconf 89' lang='lat' dir='ltr'>tamen</span> <span class='ocrx_word' id='word_1_94' title='bbox 798 1324 886 1388; x_wconf 92' lang='lat' dir='ltr'>omni</span> <span class='ocrx_word' id='word_1_95' title='bbox 905 1346 980 1388; x_wconf 87' lang='grc'><strong>11011</strong></span> <span class='ocrx_word' id='word_1_96' title='bbox 999 1321 1095 1408; x_wconf 81' lang='lat' dir='ltr'>Syria</span> <span class='ocrx_word' id='word_1_97' title='bbox 1113 1327 1135 1376; x_wconf 73' lang='lat'>4-</span> 
     </span>
     <span class='ocr_line' id='line_1_14' title="bbox 78 1411 1095 1496; baseline 0.002 -22"><span class='ocrx_word' id='word_1_98' title='bbox 78 1414 238 1495; x_wconf 90' lang='lat' dir='ltr'>superata·</span> <span class='ocrx_word' id='word_1_99' title='bbox 265 1433 302 1475; x_wconf 87' lang='lat' dir='ltr'>ae</span> <span class='ocrx_word' id='word_1_100' title='bbox 330 1411 469 1476; x_wconf 90' lang='lat' dir='ltr'>redactis</span> <span class='ocrx_word' id='word_1_101' title='bbox 493 1412 561 1476; x_wconf 90' lang='lat' dir='ltr'>eius</span> <span class='ocrx_word' id='word_1_102' title='bbox 586 1412 737 1496; x_wconf 86' lang='lat' dir='ltr'>gentibus</span> <span class='ocrx_word' id='word_1_103' title='bbox 766 1413 799 1475; x_wconf 92' lang='lat' dir='ltr'>in</span> <span class='ocrx_word' id='word_1_104' title='bbox 828 1415 1025 1494; x_wconf 89' lang='lat' dir='ltr'>potestatem</span> <span class='ocrx_word' id='word_1_105' title='bbox 1054 1413 1095 1476; x_wconf 86' lang='lat' dir='ltr'>ad</span> 
     </span>
     <span class='ocr_line' id='line_1_15' title="bbox 78 1499 1096 1582; baseline 0.001 -19"><span class='ocrx_word' id='word_1_106' title='bbox 78 1501 194 1564; x_wconf 84' lang='lat' dir='ltr'>Asiam</span> <span class='ocrx_word' id='word_1_107' title='bbox 215 1500 262 1563; x_wconf 89' lang='lat' dir='ltr'>ire</span> <span class='ocrx_word' id='word_1_108' title='bbox 282 1501 456 1565; x_wconf 90' lang='lat' dir='ltr'>contendit.</span> <span class='ocrx_word' id='word_1_109' title='bbox 497 1499 671 1564; x_wconf 82' lang='lat' dir='ltr'>Enimvero</span> <span class='ocrx_word' id='word_1_110' title='bbox 692 1500 831 1582; x_wconf 90' lang='lat' dir='ltr'>acceptis</span> <span class='ocrx_word' id='word_1_111' title='bbox 851 1500 1026 1576; x_wconf 82' lang='lat' dir='ltr'>Alexandri</span> <span class='ocrx_word' id='word_1_112' title='bbox 1045 1501 1096 1564; x_wconf 85' lang='lat' dir='ltr'>lit·</span> 
     </span>
     <span class='ocr_line' id='line_1_16' title="bbox 78 1586 1135 1674; baseline -0.001 -21"><span class='ocrx_word' id='word_1_113' title='bbox 78 1590 159 1653; x_wconf 91' lang='lat' dir='ltr'>teris</span> <span class='ocrx_word' id='word_1_114' title='bbox 184 1610 240 1652; x_wconf 89' lang='lat' dir='ltr'>rex</span> <span class='ocrx_word' id='word_1_115' title='bbox 264 1586 383 1652; x_wconf 89' lang='lat' dir='ltr'>Darius</span> <span class='ocrx_word' id='word_1_116' title='bbox 407 1590 516 1672; x_wconf 91' lang='lat' dir='ltr'>eisque</span> <span class='ocrx_word' id='word_1_117' title='bbox 540 1589 671 1672; x_wconf 82' lang='lat' dir='ltr'>gravius</span> <span class='ocrx_word' id='word_1_118' title='bbox 696 1592 729 1653; x_wconf 91' lang='grc'>01</span> <span class='ocrx_word' id='word_1_119' title='bbox 751 1588 963 1674; x_wconf 82' lang='lat' dir='ltr'>adrogantius</span> <span class='ocrx_word' id='word_1_120' title='bbox 987 1592 1095 1653; x_wconf 91' lang='lat' dir='ltr'>motus</span> <span class='ocrx_word' id='word_1_121' title='bbox 1110 1612 1135 1652; x_wconf 82' lang='grc'>10</span> 
     </span>
     <span class='ocr_line' id='line_1_17' title="bbox 79 1677 1095 1761; baseline 0 -20"><span class='ocrx_word' id='word_1_122' title='bbox 79 1678 119 1741; x_wconf 91' lang='lat' dir='ltr'>ad</span> <span class='ocrx_word' id='word_1_123' title='bbox 150 1680 299 1760; x_wconf 84' lang='lat' dir='ltr'>satrapas</span> <span class='ocrx_word' id='word_1_124' title='bbox 329 1698 404 1741; x_wconf 92' lang='lat' dir='ltr'>suos</span> <span class='ocrx_word' id='word_1_125' title='bbox 432 1678 519 1741; x_wconf 88' lang='lat' dir='ltr'>ultra</span> <span class='ocrx_word' id='word_1_126' title='bbox 543 1677 685 1742; x_wconf 82' lang='lat' dir='ltr'>Taurum</span> <span class='ocrx_word' id='word_1_127' title='bbox 713 1680 863 1761; x_wconf 82' lang='lat' dir='ltr'>regentes</span> <span class='ocrx_word' id='word_1_128' title='bbox 892 1677 992 1741; x_wconf 91' lang='lat' dir='ltr'>talem</span> <span class='ocrx_word' id='word_1_129' title='bbox 1022 1698 1095 1742; x_wconf 91' lang='grc'><strong>001-</strong></span> 
     </span>
     <span class='ocr_line' id='line_1_18' title="bbox 77 1763 1095 1831; baseline 0 -2"><span class='ocrx_word' id='word_1_130' title='bbox 77 1766 251 1829; x_wconf 91' lang='lat' dir='ltr'>tinentiam</span> <span class='ocrx_word' id='word_1_131' title='bbox 286 1765 415 1829; x_wconf 84' lang='lat' dir='ltr'>scribit:</span> <span class='ocrx_word' id='word_1_132' title='bbox 447 1765 642 1830; x_wconf 85' lang='lat' dir='ltr'>Nuntiatum</span> <span class='ocrx_word' id='word_1_133' title='bbox 678 1765 740 1830; x_wconf 89' lang='lat' dir='ltr'>sibi</span> <span class='ocrx_word' id='word_1_134' title='bbox 770 1764 992 1830; x_wconf 85' lang='lat' dir='ltr'>Alexandrum</span> <span class='ocrx_word' id='word_1_135' title='bbox 1019 1763 1095 1831; x_wconf 94' lang='lat' dir='ltr'>Phi·</span> 
     </span>
     <span class='ocr_line' id='line_1_19' title="bbox 77 1852 1094 1941; baseline 0.001 -23"><span class='ocrx_word' id='word_1_136' title='bbox 77 1854 178 1937; x_wconf 87' lang='lat' dir='ltr'>lippi,</span> <span class='ocrx_word' id='word_1_137' title='bbox 220 1855 433 1941; x_wconf 78' lang='lat' dir='ltr'>insanientem</span> <span class='ocrx_word' id='word_1_138' title='bbox 475 1854 648 1919; x_wconf 91' lang='lat' dir='ltr'>admodum</span> <span class='ocrx_word' id='word_1_139' title='bbox 686 1853 940 1935; x_wconf 82' lang='lat' dir='ltr'>adolescentem,</span> <span class='ocrx_word' id='word_1_140' title='bbox 981 1852 1094 1919; x_wconf 87' lang='lat' dir='ltr'>Asiam</span> 
     </span>
     <span class='ocr_line' id='line_1_20' title="bbox 77 1941 1095 2026; baseline 0.002 -20"><span class='ocrx_word' id='word_1_141' title='bbox 77 1944 307 2006; x_wconf 83' lang='lat' dir='ltr'>incursantem.</span> <span class='ocrx_word' id='word_1_142' title='bbox 353 1941 460 2026; x_wconf 85' lang='lat' dir='ltr'>Igitur</span> <span class='ocrx_word' id='word_1_143' title='bbox 487 1965 556 2008; x_wconf 89' lang='lat' dir='ltr'>sese</span> <span class='ocrx_word' id='word_1_144' title='bbox 587 1945 736 2026; x_wconf 91' lang='lat' dir='ltr'>oportere</span> <span class='ocrx_word' id='word_1_145' title='bbox 762 1963 835 2005; x_wconf 91' lang='lat' dir='ltr'>eum</span> <span class='ocrx_word' id='word_1_146' title='bbox 862 1941 1011 2025; x_wconf 90' lang='lat' dir='ltr'>protinus</span> <span class='ocrx_word' id='word_1_147' title='bbox 1040 1943 1095 2008; x_wconf 93' lang='lat' dir='ltr'>ob-</span> 
     </span>
     <span class='ocr_line' id='line_1_21' title="bbox 77 2030 1135 2116; baseline 0.001 -21"><span class='ocrx_word' id='word_1_148' title='bbox 77 2032 208 2095; x_wconf 73' lang='lat' dir='ltr'>viantes</span> <span class='ocrx_word' id='word_1_149' title='bbox 232 2031 449 2113; x_wconf 90' lang='lat' dir='ltr'>compeditum</span> <span class='ocrx_word' id='word_1_150' title='bbox 478 2031 518 2095; x_wconf 89' lang='lat' dir='ltr'>ad</span> <span class='ocrx_word' id='word_1_151' title='bbox 542 2053 612 2096; x_wconf 91' lang='lat' dir='ltr'>sese</span> <span class='ocrx_word' id='word_1_152' title='bbox 637 2031 790 2116; x_wconf 81' lang='lat' dir='ltr'>dirigere:</span> <span class='ocrx_word' id='word_1_153' title='bbox 818 2051 887 2094; x_wconf 97' lang='lat' dir='ltr'>esse</span> <span class='ocrx_word' id='word_1_154' title='bbox 917 2030 1003 2095; x_wconf 88' lang='lat' dir='ltr'>enim</span> <span class='ocrx_word' id='word_1_155' title='bbox 1024 2031 1095 2116; x_wconf 82' lang='lat' dir='ltr'>regi</span> <span class='ocrx_word' id='word_1_156' title='bbox 1109 2057 1135 2096; x_wconf 84' lang='grc'>11</span> 
     </span>
     <span class='ocr_line' id='line_1_22' title="bbox 77 2117 1094 2203; baseline 0.001 -19"><span class='ocrx_word' id='word_1_157' title='bbox 77 2121 265 2203; x_wconf 92' lang='lat' dir='ltr'>consilium,</span> <span class='ocrx_word' id='word_1_158' title='bbox 289 2119 338 2183; x_wconf 91' lang='lat' dir='ltr'>uti</span> <span class='ocrx_word' id='word_1_159' title='bbox 363 2119 506 2185; x_wconf 86' lang='lat' dir='ltr'>adfectus</span> <span class='ocrx_word' id='word_1_160' title='bbox 530 2120 717 2184; x_wconf 86' lang='lat' dir='ltr'>verberibus</span> <span class='ocrx_word' id='word_1_161' title='bbox 741 2117 921 2202; x_wconf 86' lang='lat' dir='ltr'>puerilibus</span> <span class='ocrx_word' id='word_1_162' title='bbox 946 2120 1094 2186; x_wconf 90' lang='lat' dir='ltr'>amictus-</span> 
     </span>
     <span class='ocr_line' id='line_1_23' title="bbox 77 2208 1094 2293; baseline 0.002 -21"><span class='ocrx_word' id='word_1_163' title='bbox 77 2231 139 2293; x_wconf 88' lang='lat' dir='ltr'>que</span> <span class='ocrx_word' id='word_1_164' title='bbox 159 2212 235 2291; x_wconf 93' lang='lat' dir='ltr'>post</span> <span class='ocrx_word' id='word_1_165' title='bbox 249 2212 340 2272; x_wconf 88' lang='lat' dir='ltr'>veste</span> <span class='ocrx_word' id='word_1_166' title='bbox 355 2230 517 2293; x_wconf 88' lang='lat' dir='ltr'>purpurea</span> <span class='ocrx_word' id='word_1_167' title='bbox 537 2231 610 2275; x_wconf 91' lang='lat' dir='ltr'>cum</span> <span class='ocrx_word' id='word_1_168' title='bbox 628 2209 704 2274; x_wconf 86' lang='lat' dir='ltr'>talis</span> <span class='ocrx_word' id='word_1_169' title='bbox 724 2212 757 2273; x_wconf 91' lang='grc'>01</span> <span class='ocrx_word' id='word_1_170' title='bbox 775 2208 980 2293; x_wconf 88' lang='lat' dir='ltr'>crepitaculis</span> <span class='ocrx_word' id='word_1_171' title='bbox 997 2211 1094 2274; x_wconf 90' lang='lat' dir='ltr'>matri</span> 
     </span>
     <span class='ocr_line' id='line_1_24' title="bbox 77 2297 1092 2379; baseline 0.004 -19"><span class='ocrx_word' id='word_1_172' title='bbox 77 2297 247 2362; x_wconf 89' lang='lat' dir='ltr'>reddatur:</span> <span class='ocrx_word' id='word_1_173' title='bbox 273 2298 318 2362; x_wconf 92' lang='grc'>010</span> <span class='ocrx_word' id='word_1_174' title='bbox 341 2298 425 2362; x_wconf 89' lang='lat' dir='ltr'>enim</span> <span class='ocrx_word' id='word_1_175' title='bbox 451 2297 664 2362; x_wconf 87' lang='lat' dir='ltr'>Macedonum</span> <span class='ocrx_word' id='word_1_176' title='bbox 687 2319 804 2379; x_wconf 90' lang='lat' dir='ltr'>pueros</span> <span class='ocrx_word' id='word_1_177' title='bbox 828 2298 972 2364; x_wconf 90' lang='lat' dir='ltr'>lusitare.</span> <span class='ocrx_word' id='word_1_178' title='bbox 1009 2297 1092 2364; x_wconf 80' lang='lat' dir='ltr'>Tum</span> 
     </span>
     <span class='ocr_line' id='line_1_25' title="bbox 77 2385 1093 2470; baseline 0.004 -22"><span class='ocrx_word' id='word_1_179' title='bbox 77 2387 147 2451; x_wconf 87' lang='lat' dir='ltr'>fore</span> <span class='ocrx_word' id='word_1_180' title='bbox 167 2389 214 2469; x_wconf 92' lang='lat' dir='ltr'>ut,</span> <span class='ocrx_word' id='word_1_181' title='bbox 233 2407 305 2450; x_wconf 89' lang='lat' dir='ltr'>oum</span> <span class='ocrx_word' id='word_1_182' title='bbox 317 2386 373 2450; x_wconf 85' lang='lat' dir='ltr'>illi</span> <span class='ocrx_word' id='word_1_183' title='bbox 388 2386 571 2470; x_wconf 85' lang='lat' dir='ltr'>praefectus</span> <span class='ocrx_word' id='word_1_184' title='bbox 591 2386 631 2450; x_wconf 87' lang='lat' dir='ltr'>ad</span> <span class='ocrx_word' id='word_1_185' title='bbox 647 2385 888 2452; x_wconf 85' lang='lat' dir='ltr'>observantiam</span> <span class='ocrx_word' id='word_1_186' title='bbox 903 2386 1093 2469; x_wconf 90' lang='lat' dir='ltr'>disciplinae</span> 
     </span>
     <span class='ocr_line' id='line_1_26' title="bbox 78 2474 1135 2558; baseline 0.005 -21"><span class='ocrx_word' id='word_1_187' title='bbox 78 2476 179 2539; x_wconf 89' lang='lat' dir='ltr'>Persa</span> <span class='ocrx_word' id='word_1_188' title='bbox 208 2475 324 2557; x_wconf 91' lang='lat' dir='ltr'>aliquis</span> <span class='ocrx_word' id='word_1_189' title='bbox 354 2475 577 2558; x_wconf 89' lang='lat' dir='ltr'>comitaretur,</span> <span class='ocrx_word' id='word_1_190' title='bbox 606 2474 697 2538; x_wconf 84' lang='lat' dir='ltr'>virile</span> <span class='ocrx_word' id='word_1_191' title='bbox 726 2474 868 2540; x_wconf 88' lang='lat' dir='ltr'>officium</span> <span class='ocrx_word' id='word_1_192' title='bbox 896 2476 1016 2541; x_wconf 91' lang='lat' dir='ltr'>rectius</span> <span class='ocrx_word' id='word_1_193' title='bbox 1045 2477 1092 2541; x_wconf 93' lang='lat' dir='ltr'>di·</span> <span class='ocrx_word' id='word_1_194' title='bbox 1107 2501 1135 2543; x_wconf 80' lang='lat' dir='ltr'>as</span> 
     </span>
     <span class='ocr_line' id='line_1_27' title="bbox 78 2563 1093 2648; baseline 0.004 -22"><span class='ocrx_word' id='word_1_195' title='bbox 78 2568 194 2628; x_wconf 89' lang='lat' dir='ltr'>sceret.</span> <span class='ocrx_word' id='word_1_196' title='bbox 235 2563 340 2647; x_wconf 88' lang='lat' dir='ltr'>Igitur</span> <span class='ocrx_word' id='word_1_197' title='bbox 364 2568 511 2647; x_wconf 90' lang='lat' dir='ltr'>oportere</span> <span class='ocrx_word' id='word_1_198' title='bbox 536 2567 685 2646; x_wconf 89' lang='lat' dir='ltr'>satrapas</span> <span class='ocrx_word' id='word_1_199' title='bbox 709 2564 838 2648; x_wconf 90' lang='lat' dir='ltr'>quidem</span> <span class='ocrx_word' id='word_1_200' title='bbox 863 2565 1000 2628; x_wconf 85' lang='lat' dir='ltr'>classem</span> <span class='ocrx_word' id='word_1_201' title='bbox 1024 2565 1093 2630; x_wconf 89' lang='lat' dir='ltr'>eius</span> 
     </span>
     <span class='ocr_line' id='line_1_28' title="bbox 77 2651 1118 2737; baseline 0.003 -21"><span class='ocrx_word' id='word_1_202' title='bbox 77 2675 141 2716; x_wconf 91' lang='lat' dir='ltr'>una</span> <span class='ocrx_word' id='word_1_203' title='bbox 163 2673 235 2715; x_wconf 93' lang='lat' dir='ltr'>cum</span> <span class='ocrx_word' id='word_1_204' title='bbox 254 2652 372 2715; x_wconf 81' lang='lat' dir='ltr'>navitis</span> <span class='ocrx_word' id='word_1_205' title='bbox 393 2653 460 2717; x_wconf 92' lang='lat' dir='ltr'>alto</span> <span class='ocrx_word' id='word_1_206' title='bbox 479 2651 696 2737; x_wconf 81' lang='lat' dir='ltr'>submergere,</span> <span class='ocrx_word' id='word_1_207' title='bbox 720 2652 842 2719; x_wconf 89' lang='lat' dir='ltr'>milites</span> <span class='ocrx_word' id='word_1_208' title='bbox 860 2674 937 2717; x_wconf 79' lang='lat' dir='ltr'>vero</span> <span class='ocrx_word' id='word_1_209' title='bbox 958 2657 1093 2719; x_wconf 89' lang='lat' dir='ltr'>cunctos</span> <span class='ocrx_word' id='word_1_210' title='bbox 1115 2657 1118 2663; x_wconf 87' lang='lat'>&#39;</span> 
     </span>
     <span class='ocr_line' id='line_1_29' title="bbox 77 2740 1094 2827; baseline 0.004 -25"><span class='ocrx_word' id='word_1_211' title='bbox 77 2741 165 2804; x_wconf 89' lang='lat' dir='ltr'>ferro</span> <span class='ocrx_word' id='word_1_212' title='bbox 189 2740 314 2805; x_wconf 87' lang='lat' dir='ltr'>vinctos</span> <span class='ocrx_word' id='word_1_213' title='bbox 344 2741 384 2805; x_wconf 86' lang='lat' dir='ltr'>ad</span> <span class='ocrx_word' id='word_1_214' title='bbox 407 2740 511 2805; x_wconf 86' lang='lat' dir='ltr'>Rubri</span> <span class='ocrx_word' id='word_1_215' title='bbox 539 2742 639 2805; x_wconf 90' lang='lat' dir='ltr'>maris</span> <span class='ocrx_word' id='word_1_216' title='bbox 667 2741 823 2806; x_wconf 87' lang='lat' dir='ltr'>ulteriora</span> <span class='ocrx_word' id='word_1_217' title='bbox 850 2742 1029 2827; x_wconf 88' lang='lat' dir='ltr'>transduci,</span> <span class='ocrx_word' id='word_1_218' title='bbox 1056 2745 1094 2806; x_wconf 91' lang='lat' dir='ltr'>ut</span> 
     </span>
     <span class='ocr_line' id='line_1_30' title="bbox 78 2829 1092 2914; baseline 0.003 -23"><span class='ocrx_word' id='word_1_219' title='bbox 78 2830 145 2892; x_wconf 91' lang='lat' dir='ltr'>illic</span> <span class='ocrx_word' id='word_1_220' title='bbox 175 2829 280 2892; x_wconf 92' lang='lat' dir='ltr'>colere</span> <span class='ocrx_word' id='word_1_221' title='bbox 308 2829 513 2912; x_wconf 81' lang='lat' dir='ltr'>iuberentur3</span> <span class='ocrx_word' id='word_1_222' title='bbox 543 2851 641 2912; x_wconf 89' lang='lat' dir='ltr'>equos</span> <span class='ocrx_word' id='word_1_223' title='bbox 670 2832 838 2914; x_wconf 89' lang='lat' dir='ltr'>ceteraque</span> <span class='ocrx_word' id='word_1_224' title='bbox 866 2830 1009 2895; x_wconf 91' lang='lat' dir='ltr'>militum</span> <span class='ocrx_word' id='word_1_225' title='bbox 1036 2830 1092 2894; x_wconf 94' lang='lat' dir='ltr'>im·</span> 
     </span>
     <span class='ocr_line' id='line_1_31' title="bbox 78 2916 1133 3004; baseline 0.002 -23"><span class='ocrx_word' id='word_1_226' title='bbox 78 2918 265 3000; x_wconf 89' lang='lat' dir='ltr'>pedimenta</span> <span class='ocrx_word' id='word_1_227' title='bbox 289 2917 351 2981; x_wconf 92' lang='lat' dir='ltr'>sibi</span> <span class='ocrx_word' id='word_1_228' title='bbox 374 2918 464 3002; x_wconf 91' lang='lat' dir='ltr'>ipsos</span> <span class='ocrx_word' id='word_1_229' title='bbox 491 2916 612 2982; x_wconf 87' lang='lat' dir='ltr'>habere</span> <span class='ocrx_word' id='word_1_230' title='bbox 635 2919 745 3002; x_wconf 85' lang='lat' dir='ltr'>privos</span> <span class='ocrx_word' id='word_1_231' title='bbox 769 2918 945 3001; x_wconf 89' lang='lat' dir='ltr'>amicisque</span> <span class='ocrx_word' id='word_1_232' title='bbox 970 2918 1093 3004; x_wconf 82' lang='lat' dir='ltr'>largiri.</span> <span class='ocrx_word' id='word_1_233' title='bbox 1106 2943 1133 2983; x_wconf 85' lang='lat' dir='ltr'>ao</span> 
     </span>
     <span class='ocr_line' id='line_1_32' title="bbox 79 3004 1135 3088; baseline 0 -20"><span class='ocrx_word' id='word_1_234' title='bbox 79 3004 140 3069; x_wconf 82' lang='lat' dir='ltr'>Sed</span> <span class='ocrx_word' id='word_1_235' title='bbox 169 3006 259 3068; x_wconf 93' lang='lat' dir='ltr'>hisce</span> <span class='ocrx_word' id='word_1_236' title='bbox 287 3005 407 3071; x_wconf 89' lang='lat' dir='ltr'>litteris</span> <span class='ocrx_word' id='word_1_237' title='bbox 434 3004 570 3070; x_wconf 91' lang='lat' dir='ltr'>nihilum</span> <span class='ocrx_word' id='word_1_238' title='bbox 602 3006 643 3071; x_wconf 91' lang='lat' dir='ltr'>ad</span> <span class='ocrx_word' id='word_1_239' title='bbox 673 3011 796 3071; x_wconf 87' lang='grc'><strong>1101111</strong></span> <span class='ocrx_word' id='word_1_240' title='bbox 828 3010 980 3088; x_wconf 86' lang='lat' dir='ltr'>satrapae</span> <span class='ocrx_word' id='word_1_241' title='bbox 1011 3005 1093 3070; x_wconf 95' lang='lat' dir='ltr'>moti</span> <span class='ocrx_word' id='word_1_242' title='bbox 1111 3017 1135 3068; x_wconf 79' lang='grc'>4.·</span> 
     </span>
    </p>
   </div>
   <div class='ocr_carea' id='block_1_3' title="bbox 78 3192 1092 3617">
    <p class='ocr_par' dir='ltr' id='par_1_3' title="bbox 79 3192 1092 3324">
     <span class='ocr_line' id='line_1_33' title="bbox 169 3192 1092 3266; baseline -0.004 -16"><span class='ocrx_word' id='word_1_243' title='bbox 169 3202 184 3249; x_wconf 80' lang='lat'><strong>5</strong></span> <span class='ocrx_word' id='word_1_244' title='bbox 204 3196 386 3252; x_wconf 87' lang='lat' dir='ltr'>rotunditatis</span> <span class='ocrx_word' id='word_1_245' title='bbox 406 3196 441 3253; x_wconf 85' lang='grc' dir='ltr'>Α,</span> <span class='ocrx_word' id='word_1_246' title='bbox 485 3204 500 3252; x_wconf 81' lang='grc'><strong>7</strong></span> <span class='ocrx_word' id='word_1_247' title='bbox 520 3197 656 3266; x_wconf 82' lang='lat' dir='ltr'>Quodque</span> <span class='ocrx_word' id='word_1_248' title='bbox 675 3196 704 3251; x_wconf 90' lang='lat' dir='ltr'>id</span> <span class='ocrx_word' id='word_1_249' title='bbox 723 3197 756 3251; x_wconf 90' lang='lat' dir='ltr'>P.</span> <span class='ocrx_word' id='word_1_250' title='bbox 795 3201 828 3250; x_wconf 91' lang='grc'>10</span> <span class='ocrx_word' id='word_1_251' title='bbox 846 3193 970 3265; x_wconf 86' lang='lat' dir='ltr'>pretium</span> <span class='ocrx_word' id='word_1_252' title='bbox 989 3209 1039 3249; x_wconf 88' lang='lat' dir='ltr'>om.</span> <span class='ocrx_word' id='word_1_253' title='bbox 1059 3192 1092 3247; x_wconf 91' lang='lat' dir='ltr'>P.</span> 
     </span>
     <span class='ocr_line' id='line_1_34' title="bbox 79 3267 603 3324; baseline 0.006 -4"><span class='ocrx_word' id='word_1_254' title='bbox 79 3267 223 3322; x_wconf 82' lang='lat' dir='ltr'>servitutis</span> <span class='ocrx_word' id='word_1_255' title='bbox 242 3268 344 3324; x_wconf 81' lang='lat' dir='ltr'>Eberb.</span> <span class='ocrx_word' id='word_1_256' title='bbox 378 3267 507 3324; x_wconf 87' lang='lat' dir='ltr'>servituti</span> <span class='ocrx_word' id='word_1_257' title='bbox 525 3269 603 3324; x_wconf 75' lang='lat' dir='ltr'>AP.</span> 
     </span>
    </p>

    <p class='ocr_par' dir='ltr' id='par_1_4' title="bbox 78 3334 1092 3617">
     <span class='ocr_line' id='line_1_35' title="bbox 168 3334 1092 3407; baseline -0.003 -15"><span class='ocrx_word' id='word_1_258' title='bbox 168 3338 215 3394; x_wconf 83' lang='lat'>41.</span> <span class='ocrx_word' id='word_1_259' title='bbox 252 3344 283 3392; x_wconf 80' lang='lat'>19</span> <span class='ocrx_word' id='word_1_260' title='bbox 303 3355 363 3393; x_wconf 88' lang='lat' dir='ltr'>sese</span> <span class='ocrx_word' id='word_1_261' title='bbox 377 3340 410 3395; x_wconf 91' lang='lat' dir='ltr'>P.</span> <span class='ocrx_word' id='word_1_262' title='bbox 439 3355 467 3394; x_wconf 87' lang='lat' dir='ltr'>se</span> <span class='ocrx_word' id='word_1_263' title='bbox 482 3341 517 3395; x_wconf 78' lang='lat' dir='ltr'>A.</span> <span class='ocrx_word' id='word_1_264' title='bbox 572 3345 606 3394; x_wconf 82' lang='lat'>20</span> <span class='ocrx_word' id='word_1_265' title='bbox 625 3334 818 3407; x_wconf 90' lang='lat' dir='ltr'>compeditum</span> <span class='ocrx_word' id='word_1_266' title='bbox 832 3335 989 3405; x_wconf 76' lang='lat' dir='ltr'>Laudpraf.</span> <span class='ocrx_word' id='word_1_267' title='bbox 1018 3347 1092 3389; x_wconf 84' lang='lat' dir='ltr'>eom·</span> 
     </span>
     <span class='ocr_line' id='line_1_36' title="bbox 78 3400 1084 3480; baseline 0.001 -18"><span class='ocrx_word' id='word_1_268' title='bbox 78 3411 189 3476; x_wconf 85' lang='lat' dir='ltr'>partum</span> <span class='ocrx_word' id='word_1_269' title='bbox 213 3408 291 3464; x_wconf 66' lang='grc' dir='ltr'>ΑΡ.</span> <span class='ocrx_word' id='word_1_270' title='bbox 325 3413 484 3480; x_wconf 90' lang='lat' dir='ltr'>correptum</span> <span class='ocrx_word' id='word_1_271' title='bbox 508 3411 610 3466; x_wconf 81' lang='lat' dir='ltr'>Eberb.</span> <span class='ocrx_word' id='word_1_272' title='bbox 702 3414 735 3462; x_wconf 80' lang='lat'>22</span> <span class='ocrx_word' id='word_1_273' title='bbox 755 3406 821 3460; x_wconf 85' lang='lat' dir='ltr'>talis</span> <span class='ocrx_word' id='word_1_274' title='bbox 848 3407 883 3461; x_wconf 90' lang='lat' dir='ltr'>P.</span> <span class='ocrx_word' id='word_1_275' title='bbox 915 3405 1031 3462; x_wconf 81' lang='lat' dir='ltr'>tabellis</span> <span class='ocrx_word' id='word_1_276' title='bbox 1055 3400 1084 3463; x_wconf 71' lang='grc' dir='ltr'><strong><em>Α</em></strong></span> 
     </span>
     <span class='ocr_line' id='line_1_37' title="bbox 79 3476 1084 3548; baseline 0 -16"><span class='ocrx_word' id='word_1_277' title='bbox 79 3476 272 3548; x_wconf 72' lang='grc' dir='ltr'><em>ἀστραγάλους</em></span> <span class='ocrx_word' id='word_1_278' title='bbox 292 3480 387 3536; x_wconf 83' lang='lat' dir='ltr'>Graec.</span> <span class='ocrx_word' id='word_1_279' title='bbox 450 3481 659 3537; x_wconf 71' lang='grc'><strong>1710111101.</strong></span> <span class='ocrx_word' id='word_1_280' title='bbox 687 3476 782 3533; x_wconf 86' lang='lat' dir='ltr'>nautis</span> <span class='ocrx_word' id='word_1_281' title='bbox 802 3478 837 3532; x_wconf 89' lang='lat' dir='ltr'>P.</span> <span class='ocrx_word' id='word_1_282' title='bbox 898 3477 1084 3534; x_wconf 70' lang='grc'><strong>2901001011</strong></span> 
     </span>
     <span class='ocr_line' id='line_1_38' title="bbox 80 3551 429 3617; baseline 0.011 -15"><span class='ocrx_word' id='word_1_283' title='bbox 80 3568 150 3617; x_wconf 85' lang='lat' dir='ltr'>quae</span> <span class='ocrx_word' id='word_1_284' title='bbox 170 3552 203 3605; x_wconf 94' lang='lat' dir='ltr'>P.</span> <span class='ocrx_word' id='word_1_285' title='bbox 278 3551 373 3605; x_wconf 86' lang='grc'><strong>311110</strong></span> <span class='ocrx_word' id='word_1_286' title='bbox 395 3553 429 3607; x_wconf 90' lang='lat' dir='ltr'>P.</span> 
     </span>
    </p>
   </div>
   <div class='ocr_carea' id='block_1_4' title="bbox 0 0 1187 3938">
    <p class='ocr_par' dir='ltr' id='par_1_5' title="bbox 0 0 1187 3938">
     <span class='ocr_line' id='line_1_39' title="bbox 0 0 1187 3938; baseline 0 0"><span class='ocrx_word' id='word_1_287' title='bbox 0 0 1187 3938; x_wconf 95' lang='lat' dir='ltr'> </span> 
     </span>
    </p>
   </div>
  </div>
 </body>
</html>
