2362 3938
116 203 180 268 176
270 197 485 255 anennual
503 196 581 265 CUM
600 195 759 252 DINDIMO
780 197 969 253 COLLATIO.

114 364 251 448 suscipit
279 362 400 427 oblato.
445 358 515 426 Vos
542 360 663 425 liberos
690 359 839 425 homines
868 359 1044 424 honestate
1068 363 1127 444 pri-

113 453 208 536 vatis,
227 473 286 516 vos
302 471 413 515 servos
432 449 603 515 nobilitate
618 448 755 532 donatis,
773 471 831 513 vos
851 450 999 530 captivos
1019 451 1128 514 trium-

113 541 189 626 phis
205 539 374 622 extollitis,
392 560 452 603 vos
467 559 560 623 reges
575 537 681 602 facitis
700 559 767 601 non
780 548 886 620 posse,
906 537 993 621 quod
1008 540 1128 621 volunt,

115 653 174 695 vos
211 629 333 694 iudices
370 627 560 712 integritate
592 625 731 690 nudatis.
788 625 907 690 Omnia
942 628 1062 691 tenetis
1100 634 1130 692 et

89 718 271 784 comnibus
304 738 363 782 vos
395 716 592 780 habentibus
624 711 804 798 imperatis.
859 713 937 778 Sola
970 717 1130 798 sapientia

116 807 377 892 Bragmanorum
401 826 459 868 vos
484 805 615 886 superat
642 824 709 866 non
737 803 883 871 amande.
931 801 993 868 Sed
1018 804 1057 869 de
1081 806 1129 868 his

117 897 213 977 satis3
237 916 322 959 nunc
344 892 469 975 reliqua
491 911 726 973 percurramus.

206 982 428 1047 Pestilentiam
447 978 625 1061 Bragmani
649 1000 716 1043 non
734 979 893 1062 patimur3
915 1001 1021 1064 neque
1046 982 1129 1045 enim

116 1072 218 1136 foedis
243 1070 368 1134 actibus
391 1072 593 1131 temeramur.
633 1063 768 1130 Caelum
792 1089 918 1150 semper
940 1071 1130 1152 temperiem

77 1180 102 1220 ro
116 1162 206 1222 tenet
233 1157 317 1240 apud
346 1177 416 1220 nos.
461 1152 544 1218 Cum
571 1156 773 1237 temporibus
800 1159 920 1219 natura
948 1159 1130 1242 concordat,

115 1250 152 1309 ut
176 1246 263 1309 vices
287 1265 361 1308 suas
386 1242 546 1307 elementa
569 1264 634 1306 non
659 1242 782 1307 offensa
801 1244 994 1310 custodiant.
1033 1246 1130 1311 Medi-

115 1333 205 1397 cinae
223 1333 400 1396 remedium
422 1331 517 1395 nobis
537 1331 737 1413 parsimonia
755 1336 813 1414 est,
839 1354 920 1415 quae
939 1355 1006 1398 non
1027 1338 1130 1400 solum

114 1421 250 1505 illapsos
275 1424 385 1503 potest
408 1441 520 1484 curare
542 1420 725 1504 languores,
749 1420 806 1484 sed
828 1423 927 1485 etiam
946 1445 1130 1506 procurare,

114 1533 155 1575 ne
179 1510 318 1575 veniant.
363 1508 465 1574 Nulla
487 1531 547 1573 nos
571 1509 695 1573 ludicra
719 1510 905 1592 spectacula
928 1533 988 1575 nec
1013 1515 1130 1595 equina

75 1619 101 1659 ra
116 1599 292 1664 certamina
314 1619 374 1662 nec
399 1598 540 1661 scenicas
559 1597 777 1680 turpitudines
798 1599 997 1663 affectamus.
1030 1600 1129 1665 Volu-

113 1689 199 1770 ptati
212 1709 276 1752 non
292 1686 438 1750 ducimus
454 1709 596 1750 arenam.
636 1684 810 1772 Sanguinis
825 1687 946 1752 fluenta
961 1691 1130 1753 manantia

113 1775 333 1841 abhorremus.
371 1774 454 1851 Quid
478 1777 565 1839 enim
584 1776 702 1839 mimus
721 1775 774 1839 hic
793 1775 899 1858 faciet,
924 1778 980 1840 ubi
1003 1780 1129 1842 nullum

112 1864 336 1949 praestigium,
361 1863 447 1948 quod
465 1864 634 1929 ridendum
658 1865 696 1928 de
719 1865 814 1929 nobis
838 1866 944 1947 possit
968 1865 1129 1950 exhibere,

112 1953 278 2036 reperiat?
326 1953 411 2030 Quid
433 1954 610 2038 tragoedus
634 1956 712 2038 agat
734 1953 818 2017 nihil
840 1954 1019 2036 inveniens,
1044 1956 1129 2039 quod

73 2061 99 2099 20
113 2042 224 2124 lugeat
252 2064 325 2106 cum
356 2042 520 2107 clamore?
565 2040 630 2106 Cur
652 2043 784 2106 iuvenes
808 2042 921 2105 bestiis
946 2043 1130 2108 obiciantur

112 2130 320 2214 immanibus,
344 2153 417 2195 curn
440 2130 563 2194 nullius
588 2152 705 2195 noxam
728 2130 804 2194 talis
823 2151 928 2211 poena
951 2132 1129 2210 respiciat?

112 2215 183 2281 Nos
207 2218 374 2282 theatrum
399 2222 545 2301 spectare
570 2240 641 2282 cum
664 2217 823 2298 volumus,
845 2220 1026 2280 vestrorum
1052 2240 1128 2301 ope-

112 2328 184 2370 rum
208 2308 411 2371 monimenta
429 2308 613 2389 relegimus,
636 2328 717 2388 quae
741 2326 812 2368 cum
836 2304 902 2366 sint
925 2304 1066 2366 maxime
1085 2308 1127 2368 ri-

112 2395 218 2460 denda
246 2395 407 2460 deflemus.
453 2395 531 2458 Alia
559 2416 656 2477 porro
686 2394 779 2457 nobis
808 2390 992 2473 spectacula
1020 2390 1126 2457 diver-

72 2502 99 2544 se
113 2505 230 2568 sasque
262 2485 447 2566 voluptates
481 2482 612 2546 exhibet
644 2480 755 2546 mundi
787 2478 952 2561 machina,
989 2480 1024 2542 in
1063 2505 1127 2566 qua

111 2572 257 2639 videmus
272 2573 383 2655 polum
398 2570 534 2654 pulchre
544 2570 720 2634 formatum
735 2569 900 2651 signorum
911 2570 1125 2635 varietatibus

204 2779 400 2851 anobilitate]
424 2776 569 2832 nobilitati
593 2777 635 2833 P.
661 2777 734 2831 filios
758 2776 916 2832 nobilitatis
939 2779 971 2834 V.
1052 2789 1068 2836 6
1092 2781 1126 2834 de

114 2852 160 2908 hie
178 2853 212 2908 P.
241 2871 274 2907 ex
297 2851 342 2904 his
365 2851 396 2904 V.
425 2849 469 2902 his
488 2848 606 2902 L.R.B.
689 2849 801 2903 8enim
820 2866 870 2905 em.
889 2849 923 2905 L.
1006 2853 1126 2906 ateme-

113 2925 220 2995 ramur]
241 2927 410 2979 temeramus
429 2936 525 2974 auram
545 2919 618 2973 coeli
636 2918 671 2973 R.
697 2922 863 2990 temperiem
882 2938 933 2976 cm.
952 2921 989 2978 R.
1027 2929 1060 2976 10
1079 2941 1127 2977 na·

114 2999 179 3051 tura
210 2995 270 3066 etc]
298 2996 427 3047 naturam
460 2989 602 3060 propriam
630 2991 706 3059 apud
738 3008 790 3045 nos
822 2993 963 3047 elementa
995 2994 1066 3048 coeli
1099 2995 1128 3047 et

114 3071 243 3136 tempora
270 3063 433 3120 custodiunt
464 3061 494 3117 V.
541 3062 694 3116 concordat
722 3063 797 3119 RB.
845 3063 1022 3118 concordiam
1049 3064 1082 3118 L.
1091 3063 1126 3118 R.

116 3146 149 3193 13
168 3139 318 3207 languores
333 3167 366 3176 —
381 3149 529 3205 procurare
548 3149 599 3188 om.
617 3133 651 3187 L.
739 3138 773 3187 14
793 3132 989 3203 exspectacula
1007 3134 1040 3188 L.
1049 3135 1082 3190 P.
1090 3135 1126 3188 R.

116 3215 149 3264 lb
168 3206 317 3262 Voluntati
335 3206 370 3263 L.
448 3212 480 3258 1⁷
499 3202 591 3258 minus
609 3203 644 3258 L.
728 3209 760 3257 18
780 3204 947 3272 prestigium
974 3204 1004 3257 V.
1040 3207 1126 3257 vesti·

115 3280 193 3350 gium
208 3280 243 3333 B.
295 3285 328 3332 19
346 3276 469 3345 reperiat
482 3275 559 3331 LE.
585 3274 741 3343 reperiatur
755 3275 788 3328 P.
814 3274 941 3328 inveniat
960 3273 991 3326 V.
1019 3289 1069 3328 om.
1089 3275 1125 3328 B.

114 3350 254 3422 tragidius
269 3349 303 3403 L.
331 3346 468 3416 tragediis
481 3346 515 3401 P.
543 3347 666 3414 tragicus
679 3345 715 3399 R.
745 3343 821 3412 quod
840 3344 938 3412 lugeat
954 3343 987 3396 P.
1012 3359 1062 3397 om.
1078 3349 1124 3397 oct.

115 3428 149 3476 21
169 3420 262 3476 nullus
281 3421 317 3476 R.
345 3435 452 3489 poenae
470 3418 505 3470 R.
569 3423 603 3471 22
622 3417 784 3487 exspectare
802 3414 836 3468 L.
845 3414 920 3469 PR.
985 3419 1018 3467 23
1038 3415 1125 3467 moni-

115 3496 211 3548 menta
235 3509 284 3547 om.
311 3490 344 3545 P.
378 3488 528 3559 relegimus
551 3504 600 3542 om.
625 3487 661 3543 B.
739 3492 774 3540 24
792 3485 988 3554 exspectacula
1010 3485 1042 3538 L.
1051 3485 1083 3538 P.
1118 3523 1125 3537 .

115 3570 149 3618 ‘25
168 3564 328 3619 voluntates
346 3561 381 3616 R.
