2370 3938
134 192 198 257 142
481 185 509 242 c.
528 182 666 239 vinnm
684 182 816 238 nicer

132 340 284 417 contingat
307 340 356 398 cui
379 335 485 396 deinde
509 328 611 393 moril'
657 334 701 392 sic
723 332 784 393 fata
806 333 956 414 profugit

133 445 226 505 seque
249 425 305 487 sub
329 425 471 485 extremis
493 424 525 483 in
547 423 666 482 moenia
688 420 805 482 rettulit
828 421 967 484 umbris.

176 515 296 576 Etiam
318 515 446 593 puniceo
469 528 572 590 regem
595 527 666 590 spes
687 527 766 571 uana
789 509 850 570 sub
875 519 953 573 ortu

133 603 289 684 extulerat,
312 603 431 681 quantis
454 617 513 659 nox
535 616 595 660 um
617 597 773 660 diremerit
793 599 892 661 undis
1098 610 1131 662 u

133 691 315 772 Aesoniden,
338 689 453 750 llbeme
477 689 555 748 freto
577 690 637 748 iam
659 687 762 749 uultus
786 695 898 766 aperto

133 788 226 859 utque
249 782 334 859 prius
357 786 456 839 tutum
479 776 564 837 sileat
586 793 677 836 mare.
723 774 858 854 dumque
884 794 922 838 ea
945 776 1038 859 longe

134 868 289 948 explorare
312 875 404 949 meat,
427 873 531 926 contra
555 867 639 925 uenit
661 864 753 925 Arcas
775 863 899 925 Echion

134 957 213 1016 dicta
236 957 349 1036 ferens,
373 958 431 1015 iam
455 953 585 1014 Circaeis
607 953 750 1013 Mauortis
773 954 806 1012 ln
828 956 916 1032 agris

135 1054 213 1105 stare
236 1046 351 1124 uirum,
375 1043 460 1104 daret
482 1041 637 1122 aeripedes
660 1044 692 1102 in
713 1039 828 1121 proelia
847 1048 971 1104 tauros.
1099 1050 1133 1101 tlt

135 1129 184 1192 ‘en
208 1150 301 1192 uocor
325 1150 363 1191 en
386 1126 478 1192 ultro'
501 1130 576 1191 dixit
598 1148 727 1210 spesque
750 1128 866 1190 addidit
890 1130 964 1192 alas.

135 1216 201 1280 ‘uos
224 1219 297 1278 mihi
319 1236 400 1279 nunc
423 1221 554 1297 primum
576 1221 609 1279 in
630 1219 764 1279 tlammas
785 1220 952 1302 inuertlto‚
978 1223 1065 1304 tauri,

134 1324 276 1387 aequora,
294 1324 375 1366 nunc
398 1314 477 1367 totos
500 1309 615 1385 aperite
637 1315 669 1368 et
689 1306 804 1368 uolulte
828 1305 956 1369 fluctus.
990 1376 996 1382 ,

134 1404 219 1456 exeat
241 1394 404 1456 Haemonio
427 1398 535 1456 messis
558 1395 748 1456 memoranda
770 1393 891 1478 colono,

134 1494 226 1563 tuque
250 1493 336 1545 tuum
357 1487 436 1564 patri
457 1487 489 1545 in
512 1484 634 1546 Graium
657 1485 706 1566 da,
730 1491 811 1565 nata,
835 1483 1017 1548 draconem.
1100 1492 1134 1545 ut

134 1575 221 1635 istius
244 1581 367 1654 aspectu
389 1582 506 1655 pereat,
529 1592 566 1633 ne
590 1573 702 1633 uellera
724 1581 755 1633 et
776 1575 842 1651 ipsa

135 1680 206 1722 aura
229 1662 302 1722 mihi
325 1661 407 1722 diros
430 1670 553 1723 seruent
575 1662 686 1722 inlecta
709 1655 856 1722 cruores?

135 1750 214 1810 latur
239 1757 268 1810 et
292 1750 394 1811 effusis
417 1750 507 1830 pandi
529 1749 614 1811 iubet
636 1767 767 1829 aequora
790 1751 897 1810 tauris.

133 1856 203 1915 pars
226 1847 257 1898 et
279 1838 416 1899 Echionii
438 1838 569 1899 subeunt
590 1840 718 1899 inmania
742 1838 841 1898 dentis
1175 1886 1177 1901 .

134 1929 262 2008 semina,
285 1945 355 2006 pars
378 1925 436 1986 diri
458 1934 579 2006 portant
601 1943 693 2006 graue
716 1925 810 1986 robur
833 1929 940 1987 aratri.
1103 1932 1139 1988 ut
1163 1946 1177 2039 1

134 2023 164 2074 at
187 2033 240 2075 sua
263 2018 483 2094 magnanimum
506 2023 609 2075 contra
627 2015 774 2094 Pagasaea
795 2016 946 2076 iuuentus
1170 2042 1177 2097 q

133 2105 328 2181 prosequitur
352 2106 500 2182 stipatque
524 2104 644 2185 ducem3
667 2112 732 2164 tum
754 2105 881 2164 maxima
906 2107 1042 2186 quisque
1173 2126 1176 2133 ·

134 2191 212 2252 dicta
235 2192 318 2252 dedit
340 2195 497 2270 saeuisque
519 2192 626 2271 procul
648 2193 776 2253 decessit
799 2191 835 2251 ab
860 2194 953 2270 agris.

133 2280 238 2340 fixerat
260 2279 309 2340 ille
332 2280 441 2358 gradus
463 2288 586 2360 totoque
610 2300 646 2342 ex
670 2283 785 2360 agmine
809 2279 891 2340 solus

134 2368 243 2443 stabat,
266 2377 301 2429 ut
324 2371 466 2430 extremis
489 2369 608 2429 deserta
631 2368 687 2430 sub
711 2368 833 2429 orbibus
857 2367 961 2452 arbos,
1103 2377 1141 2430 est
1173 2354 1177 2369 ⁸

134 2474 222 2534 quam
245 2458 304 2516 iam
326 2455 404 2515 lassa
426 2456 490 2516 dies
513 2460 668 2536 austrique
692 2457 823 2517 ardentis
846 2455 994 2540 harenae,

133 2551 183 2602 aut
207 2561 295 2621 quam
318 2542 464 2622 Riphaeas
487 2553 637 2607 extantem
661 2564 765 2608 sursus
789 2545 825 2604 ad
848 2562 937 2606 arces
966 2552 969 2558 '

133 2631 183 2689 nix
207 2638 237 2691 et
260 2630 388 2691 caerulei
411 2631 523 2692 Boreae
547 2634 630 2695 larus
654 2634 775 2695 abstulit
796 2633 919 2715 horror3

133 2737 201 2778 cum
225 2717 324 2779 subito
348 2723 465 2782 attoniti
487 2720 658 2800 longissima
680 2722 815 2784 Phasidis
838 2722 918 2782 unda

133 2806 357 2887 Caucaseaeque
381 2809 481 2870 trabes
505 2813 660 2889 omnisque
684 2812 785 2872 Aeetia
807 2809 898 2871 tellus
1101 2820 1141 2873 att

133 2896 218 2956 fulsit
240 2906 271 2958 et
293 2897 431 2958 ardentes
455 2898 569 2959 stabula
593 2901 725 2961 effudere
750 2898 897 2960 tenebras.

132 3003 165 3044 ac
189 2984 273 3045 uelut
296 3005 332 3046 ex
356 3005 415 3047 una
438 2986 581 3065 siquando
605 2987 685 3048 nube
709 2990 827 3049 corusci

132 3075 175 3132 ira
198 3072 278 3133 louis
302 3077 390 3135 torsit
413 3078 547 3154 geminos
570 3077 745 3137 mortalibus
768 3078 861 3156 ignes,

132 3170 183 3222 aut
205 3161 264 3222 duo
288 3182 357 3224 oum
379 3167 492 3242 pariter
515 3173 663 3244 ruperunt
686 3164 805 3226 uincula
828 3167 913 3224 uenti

132 3249 261 3329 dantque
286 3252 398 3331 fugam:
421 3255 464 3313 sio
488 3261 560 3313 tunc
584 3253 722 3314 claustris
745 3254 841 3314 euasit
863 3260 996 3332 uterque
1101 3264 1144 3315 tte

131 3346 235 3398 taurus
258 3347 288 3400 et
310 3342 422 3401 inmani
444 3341 582 3420 prossauit
605 3341 726 3402 turbine
748 3341 881 3400 flammas

131 3424 255 3506 arduus3
278 3435 367 3507 atque
392 3437 471 3490 atros
495 3429 622 3491 uoluunt
644 3430 781 3491 incendia
803 3429 923 3490 fluctus.

130 3509 248 3574 horruit
271 3515 384 3593 Argoae
407 3517 483 3596 legio
507 3520 592 3599 ratis,
615 3517 734 3580 horruit
757 3517 850 3578 audax
