2362 3938
124 205 188 271 160
539 202 650 258 arana
667 201 714 258 111.

122 389 234 433 rursus
264 365 429 431 sacrificiis
453 366 674 450 persolvendis
703 365 762 429 deo
787 362 868 446 Soli,
897 363 983 447 quod
1013 365 1136 428 nullum

123 457 255 522 omnino
270 456 389 540 ignem,
408 476 447 518 ox
463 476 526 539 qno
541 454 674 518 luminis
689 454 773 517 foret
787 453 889 537 copia,
908 454 1137 537 inveniremus,

124 544 295 610 abscedere
319 542 462 607 indidem
481 543 753 608 confirmavimus.
790 540 872 604 Tum
891 543 968 606 vero
994 541 1138 606 divinum

125 633 287 718 quoddam
315 632 470 696 auxilium
499 631 742 696 demorantibus
765 631 1015 714 praevenientes
1045 632 1137 695 nobis

97 723 280 807 vquasdam
304 721 429 805 effigies
446 721 617 785 numinum
636 740 765 784 cernere
789 719 852 783 fuit
870 740 943 783 cum
963 720 1138 784 luminibus

124 810 361 896 lampadarum,
386 831 466 893 quas
490 831 509 872 a
532 809 670 873 materia
694 809 821 893 argenti
842 808 968 871 eminus
988 811 1139 873 aestima·

123 900 251 980 bamus,
275 901 371 981 atque
391 899 439 961 ita
456 897 536 961 victi
555 897 707 982 ductique
726 894 862 961 Tanaim
880 918 984 979 usque
1004 897 1140 962 fluvium

125 986 379 1070 supervenimus.
425 984 458 1049 Is
482 984 602 1050 Tanais
627 1007 644 1049 e
669 985 910 1068 septemtrionis
934 987 1082 1067 partibus
1107 989 1139 1051 in

125 1074 279 1157 Caspium
312 1095 400 1137 mare
432 1073 596 1156 profluens
627 1074 741 1137 Asiam
773 1073 878 1139 fertur
906 1072 1139 1159 Europamque

85 1182 111 1222 ro
125 1162 315 1226 discernere.
369 1160 477 1226 Laeva
509 1161 611 1246 igitur
644 1163 712 1225 eius
744 1162 859 1226 itinere
891 1184 1065 1246 permenso
1100 1166 1139 1228 ad

123 1249 241 1314 Xerxis
266 1268 368 1332 regna
390 1250 605 1334 pervenimus,
629 1272 710 1334 quae
733 1255 809 1334 post
830 1250 943 1314 habita
964 1250 1041 1335 Cyri
1063 1257 1139 1317 sunt

124 1359 161 1401 ac
180 1336 358 1422 nominata,
381 1338 492 1422 ibique
512 1339 616 1403 multa
639 1362 737 1423 opum
755 1339 918 1424 regiarum
942 1362 980 1404 ac
1005 1341 1139 1406 divitias

124 1426 326 1491 offendimus.
379 1425 465 1492 Nam
502 1432 536 1491 et
568 1428 680 1492 aedem
717 1429 880 1512 quandam
917 1428 957 1492 ad
996 1431 1138 1514 speciem
1157 1443 1181 1494 s

126 1514 239 1580 Graeci
270 1515 377 1599 operis
405 1516 473 1580 illic
500 1517 859 1603 magnificentissimam
889 1518 1011 1582 viseres
1040 1519 1139 1602 inque

85 1623 110 1664 15
126 1626 162 1668 ea
190 1604 267 1669 aede
296 1606 395 1669 etiam
422 1627 579 1690 responsa
603 1605 678 1669 dare
706 1610 922 1670 memoratum
944 1628 1056 1690 regem
1079 1609 1139 1671 sci·

126 1694 322 1758 scitantibus
356 1695 528 1759 celebrant.
582 1695 627 1759 Et
664 1696 762 1759 situm
794 1695 914 1758 ibidem
947 1696 981 1758 in
1013 1696 1138 1780 templo

126 1783 246 1847 viseres
279 1784 405 1848 varium
439 1806 537 1869 opus,
574 1784 747 1867 tropheum
785 1805 916 1848 aureum
954 1783 1138 1867 dependens

127 1872 265 1936 aedificii
288 1872 327 1935 de
351 1872 503 1956 culmine,
533 1873 790 1957 adhaerebatque
813 1872 862 1936 illi
886 1872 1023 1955 tropheo
1049 1875 1139 1938 orbis

127 1961 258 2045 quidam
283 1961 323 2024 ad
348 1961 478 2025 modum
496 1962 666 2046 vertiginis
687 1962 820 2044 caelitis,
843 1983 1003 2046 superque
1027 1964 1140 2026 orbem

86 2069 112 2108 ao
128 2051 336 2114 simulacrum
364 2050 535 2113 columbae
564 2051 753 2134 sessitabat,
783 2050 867 2133 quod
895 2050 951 2113 ubi
981 2072 1140 2133 responsa

125 2159 181 2200 rex
204 2139 334 2219 diceret,
357 2137 505 2201 humanis
526 2138 657 2202 vocibus
677 2138 858 2202 sciscitanti
879 2139 969 2220 loqui
988 2139 1140 2204 ferretur.

29 2259 31 2264 ν
124 2223 161 2287 Id
175 2225 348 2306 tropheum
367 2247 439 2289 cum
460 2224 584 2295 auferre
603 2225 744 2289 indidem
765 2225 843 2289 mihi
862 2225 1023 2306 cupiditas
1042 2227 1139 2312 foret,

124 2311 172 2374 uti
197 2312 236 2375 ad
260 2334 318 2377 vos
343 2318 376 2375 et
399 2314 439 2376 ad
464 2318 607 2378 nostram
632 2312 801 2377 Graeciam
825 2312 1020 2393 mitteretur,
1049 2313 1140 2381 idem

125 2399 179 2482 qui
213 2399 362 2482 aderant,
395 2401 631 2464 contenderunt
662 2422 731 2464 rem
766 2421 890 2464 sacram
927 2419 997 2462 esse
1032 2422 1139 2486 neque

84 2505 110 2546 ns
125 2486 358 2551 contemnendo
373 2487 515 2571 periculo
529 2489 676 2552 invadari
696 2511 715 2551 a
732 2487 883 2572 quopiam
897 2508 1003 2569 posse.
1030 2487 1139 2556 Multa

124 2575 225 2661 igitur
248 2576 313 2638 alia
336 2597 472 2659 quoque,
497 2598 578 2660 quae
602 2577 801 2658 miraremur,
825 2575 1028 2664 offendimus,
1052 2581 1139 2644 inter

124 2685 207 2748 quae
226 2667 350 2729 cratera
369 2665 468 2728 etiam
487 2668 677 2748 argenteum
696 2665 887 2748 capacitatis
907 2667 948 2730 ad
963 2669 1138 2753 amphoras

124 2775 225 2836 usqne
258 2755 419 2817 trecentas
453 2756 486 2817 et
516 2754 694 2838 sexaginta.
747 2753 828 2818 Eius
863 2758 1054 2840 capacitatis
1088 2762 1138 2822 est

215 2997 263 3053 52.
289 2997 535 3051 4demorantibns
555 3000 589 3053 A.
617 2998 860 3055 desiderantibus?
915 3000 1047 3055 beminis
1067 3016 1136 3055 corr.

76 3087 80 3093 ’
126 3085 160 3123 ex
186 3072 293 3123 eminus
319 3069 354 3122 A.
427 3074 443 3121 7
469 3067 539 3122 victi
565 3069 697 3137 ductique
723 3072 758 3125 A.
792 3071 846 3125 iuti
871 3071 1023 3140 ductique?
1064 3069 1137 3124 Hinc

125 3138 233 3208 egressi
265 3139 383 3199 Tanaim
414 3156 502 3206 nsque
530 3147 594 3210 post
626 3141 755 3196 lamnam
787 3144 887 3212 incipit
921 3142 953 3195 P.
1054 3143 1136 3195 8‘Is

124 3210 304 3264 Tanais—10
319 3210 486 3264 discernere’
503 3227 553 3265 om.
568 3213 600 3268 P.
641 3217 674 3265 12
690 3212 872 3280 agnominata
884 3212 916 3267 P.
954 3216 988 3264 14
1003 3212 1093 3266 visere
1105 3213 1135 3266 P.

126 3284 159 3334 17
174 3282 283 3334 varium
302 3299 372 3351 opus
390 3297 440 3336 om.
460 3280 493 3334 P.
527 3286 668 3352 stropeum
685 3286 719 3336 A.
752 3279 1022 3351 ὀρτυγοτροφεῖον
1040 3282 1135 3337 Graec.

126 3357 159 3406 18
181 3352 438 3420 ‘adnectebatque’
460 3368 543 3422 usque
561 3356 599 3408 ad
617 3360 648 3406 21
668 3353 817 3407 ‘ferretur'
840 3370 890 3408 om.
912 3353 945 3406 P.
1012 3359 1045 3406 22
1066 3355 1136 3406 stro-

122 3437 175 3489 peo
201 3425 235 3477 A.
269 3422 301 3476 Id
325 3425 468 3494 stropeum
492 3425 527 3478 A.
560 3425 589 3478 in
612 3423 761 3494 tropheum
786 3424 819 3478 P.
910 3428 943 3476 25
968 3423 1095 3477 invadari
1120 3442 1137 3478 a

123 3494 313 3618 quopiamPA.
341 3494 370 3550 in
391 3494 507 3549 audatia
526 3512 581 3566 quo
600 3497 677 3566 piam
695 3495 727 3551 P.
755 3493 875 3549 involari
894 3495 993 3550 Setiae.
1041 3501 1074 3549 27
1095 3512 1136 3548 ar-

124 3579 178 3630 gen
193 3579 227 3618 ea
275 3609 280 3621 .
