2362 3938
102 186 192 240 XXIV
496 184 714 275 xPRAEFATIO.

102 349 179 412 Iulii
198 348 322 412 Valerii
345 347 484 412 initium.
528 346 567 412 In
590 347 669 412 folio
690 348 733 411 64
755 347 855 432 igitur
878 347 992 431 incipit
1015 345 1120 412 Iulius

105 436 257 500 Valerius
289 461 307 500 a
337 437 445 501 verbis
477 438 513 501 ia
545 437 591 518 id,
621 438 702 517 qaod
729 437 908 519 cupiveram
935 443 1122 522 commeatus

105 525 149 606 (p.
175 527 260 608 6,27
290 531 421 589 nostrae
450 522 631 610 editionis);
659 523 770 587 finitur
797 524 912 587 folium
941 524 984 587 64
1011 525 1120 588 verbis

105 614 192 677 Nam
223 618 253 678 ct
280 634 343 678 coa
373 610 419 699 (p.
439 615 495 696 16,
510 610 573 698 2)..
602 612 753 696 Sequitur
782 611 896 675 folium
925 612 968 676 65
998 614 1120 677 codicis

106 703 209 782 4880,
238 703 270 766 88
300 724 363 786 quo
386 701 461 765 Iulii
485 701 609 765 Valerii
636 701 775 765 historia
802 701 923 784 legitur
950 722 1052 783 usque
1080 703 1120 765 ad

105 790 246 873 f01.801;
270 790 383 854 deinde
408 789 553 873 sequitur
572 787 752 853 Alexandri
775 788 912 871 epistola
931 788 971 851 ad
992 790 1120 853 Aristo-

104 880 202 943 telem
232 880 270 943 de
298 879 414 942 itinere
443 899 500 941 suo
529 881 562 940 et
590 878 662 942 alia.
708 876 834 940 Desunt
861 877 961 960 igitur
989 878 1039 940 vel
1071 901 1119 941 as-

106 975 234 1049 sumpto
264 988 302 1030 ex
332 965 440 1030 codiee
464 965 551 1030 5873
579 965 659 1029 folio
684 965 727 1029 64
755 966 862 1047 capita
884 964 1018 1029 I—VII
1045 967 1121 1030 libri

104 1055 200 1137 primi
229 1054 303 1116 Iulii
326 1053 463 1131 Valerii,
495 1075 576 1137 quae
607 1053 693 1137 quod
722 1054 851 1136 quidem
883 1054 1022 1118 sciamus
1052 1077 1119 1119 non

105 1146 274 1205 servantur
297 1141 361 1205 nisi
384 1143 419 1204 in
443 1142 551 1206 codice
575 1141 776 1205 Taurinensi.

195 1227 304 1294 Codex
332 1229 514 1311 Parisinus,
542 1252 738 1313 quamquam
762 1229 982 1294 Ambrosiano
1011 1234 1120 1295 aetate

105 1317 240 1382 inferior
276 1320 339 1401 088,
375 1323 483 1382 tamen
518 1318 626 1381 indole
660 1339 735 1382 eum
765 1323 891 1401 aequat.
940 1317 1026 1382 Nam
1058 1321 1119 1383 etsi

106 1426 241 1489 magnas
266 1412 383 1488 partes,
408 1407 496 1469 velut
519 1410 622 1470 totam
641 1405 891 1489 descriptionem
912 1407 1024 1491 oppidi
1043 1408 1120 1471 Ale·

105 1493 258 1558 xandriae
281 1495 334 1559 vel
359 1494 426 1558 fere
451 1494 617 1559 dimidiam
641 1498 766 1577 partem
793 1496 950 1578 epistolae
979 1496 1019 1559 ab
1042 1495 1120 1559 Ale-

13 1589 16 1594 '
108 1584 229 1646 xandro
255 1583 295 1646 ad
318 1583 529 1647 Aristotelem
554 1583 693 1666 scriptae
716 1583 882 1667 multaque
906 1584 971 1647 alia
995 1585 1123 1648 omittit

108 1672 214 1736 aliena
238 1676 361 1757 autem,
383 1673 472 1735 velut
495 1674 601 1755 capita
625 1671 782 1756 quaedam
804 1670 938 1756 Iosephi
960 1676 993 1735 et
1013 1671 1120 1736 Orosii

105 1761 295 1843 interponit,
319 1765 428 1824 tamen
451 1760 537 1825 haud
560 1783 634 1825 raro
659 1762 833 1845 genuinam
856 1761 1029 1825 lectionem
1054 1783 1118 1825 ser-

108 1849 206 1914 vavit.
183 1848 425 1914 tNimirum
457 1871 497 1914 ne
530 1850 600 1933 ipse
634 1851 763 1933 quidem
796 1850 988 1952 corruptelis
1021 1856 1120 1914 caret

107 1935 170 2002 Sed
197 1939 351 2022 quoniam
381 1939 427 2002 eis
459 1939 552 2022 10088,
584 1937 699 2039 quibus
730 1938 806 2003 8008
781 1944 828 2003 810
859 1939 977 2002 codicis
1007 1937 1119 2002 Tauri·

105 2025 215 2088 nensis
240 2031 370 2091 servata
394 2030 457 2109 est,
481 2027 671 2109 saepissime
695 2048 768 2091 cum
791 2026 983 2089 Taurinensi
1007 2032 1121 2090 contra

111 2114 339 2176 auctoritatem
354 2076 472 2177 codicis
487 2114 698 2178 Ambrosiam
712 2115 869 2197 congruit,
884 2134 955 2176 eum
972 2136 1011 2176 ex
1029 2117 1121 2178 fonte

106 2222 187 2282 puro
212 2199 391 2265 derivatum
416 2222 487 2264 esse
510 2223 552 2282 pa
553 2204 610 2264 tet.
655 2200 749 2264 Unde
773 2201 873 2264 efficit
859 2207 973 2299 tur‚u
953 2204 1119 2266 utetiam

106 2287 151 2350 eis
174 2286 269 2368 locis,
299 2289 416 2370 quibus
440 2288 559 2352 codicis
583 2287 792 2352 Taurinensis
816 2288 891 2351 8088
868 2289 1040 2351 8181088881
1066 2289 1119 2353 de-

106 2374 274 2455 sideratur,
298 2397 372 2439 cum
392 2376 627 2440 Ambrosianus
652 2381 686 2440 08
703 2375 868 2440 Parisinus
892 2374 977 2438 inter
1001 2398 1034 2439 se
1055 2399 1120 2441 cer-

105 2465 189 2542 tent,
219 2462 394 2547 diligenter
422 2463 667 2545 ponderandnm
698 2465 753 2547 sit,
781 2463 848 2528 utri
877 2463 987 2545 palma
1017 2465 1119 2531 detur.

106 2550 334 2614 Necessarium
362 2551 464 2634 igitur
491 2551 572 2615 mihi
594 2552 700 2617 visum
723 2555 786 2636 est,
814 2553 848 2615 88
877 2557 1036 2635 apparatu
1060 2558 1119 2619 cri·

106 2641 172 2702 8800
203 2660 313 2702 081808
336 2637 453 2703 horum
476 2640 576 2702 trium
606 2641 766 2723 codicum,
790 2640 1015 2724 Taurinensis,
1039 2645 1120 2706 Am-

105 2726 259 2807 brosiani,
282 2725 429 2805 Parisini,
453 2728 609 2792 lectiones
634 2729 798 2794 adnotare.

193 2813 254 2878 His
279 2815 425 2897 adiunxi,
451 2817 594 2898 nequid
619 2817 801 2901 neglexisse
830 2839 994 2902 arguerer,
1023 2819 1118 2883 initio

105 2903 179 2966 libri
202 2903 291 2966 tertii
313 2904 468 2967 lectiones

193 2987 230 3077 4)
258 2991 423 3057 Foliorum
461 2991 596 3057 duorum
633 2992 766 3058 codicis
803 2993 1023 3060 Basileensis
1057 2994 1119 3081 (B)

106 3102 188 3145 saec.
217 3080 266 3144 XI
299 3082 427 3164 scripti,
459 3104 546 3146 nunc
578 3081 744 3164 deperditi.
795 3082 885 3148 Haec
917 3107 935 3147 a
965 3082 1119 3147 Wacker-

107 3170 238 3253 nagelio
257 3174 387 3253 reperta
407 3175 503 3254 atque
521 3170 555 3234 in
572 3169 676 3234 Diarii
694 3171 894 3255 philologiae
910 3170 1120 3236 Germanicae

109 3260 199 3320 tomo
218 3259 323 3341 primo
343 3256 455 3343 (1869,
478 3281 508 3342 p.
524 3259 713 3343 119-122)
733 3259 894 3343 descripta
912 3264 994 3324 sunt.
1038 3259 1120 3324 Con-

106 3346 213 3408 tinent
241 3347 340 3410 finem
369 3347 484 3430 capitis
519 3347 625 3411 ultimi
656 3347 732 3411 libri
754 3346 786 3411 II
818 3355 850 3411 et
879 3350 985 3432 capita
1015 3350 1120 3431 1-3,

107 3435 239 3496 11-14
263 3435 339 3497 libri
359 3434 418 3498 Ill.

194 3517 230 3606 5)
256 3520 357 3604 Saepe
388 3525 427 3586 ad
457 3524 717 3589 constituendum
746 3530 871 3587 textum
895 3524 973 3589 Iulii
997 3525 1120 3588 Valerii
