2362 3938
401 182 533 239 OBITUS
550 181 775 239 sarnanum.
1028 183 1091 251 137

78 346 197 431 simos,
225 345 406 429 Aethiopas
433 345 582 431 impubes
607 345 818 432 quingentos,
845 346 1004 430 psittacus
1028 366 1094 432 sex,

78 434 303 519 sphingasque
327 455 392 515 sex,
412 437 604 519 praeterque
624 434 705 499 haec
723 432 879 499 Ammoni
897 434 956 501 deo
979 439 1093 501 nostro

78 544 234 589 coronam
263 523 445 609 smaragdis
473 544 511 589 ac
539 522 741 609 margaritis,
771 522 871 588 etiam
902 524 1093 590 toreumatis

77 612 317 697 pretiosiorem.
366 610 429 676 His
461 614 496 678 at
523 611 648 678 loculos
678 610 909 677 refertissimos
939 613 1093 697 cuiusque

78 700 208 786 generis
230 700 483 785 margaritarum
502 702 599 784 atque
617 720 819 784 gemmarum
843 699 1014 766 addacem
1036 722 1095 765 nu·
1107 721 1123 763 s

79 810 205 855 merum
232 789 456 874 eburneosque
481 787 564 853 alios
590 788 716 856 loculos
739 788 909 873 octoginta
931 811 996 854 una
1018 789 1095 854 misi

78 878 192 942 usibus
217 880 250 942 et
272 877 440 942 deliciisl
440 876 491 942 uis
514 875 719 961 ferarumque
736 896 881 967 genera,
910 898 992 961 quae
1017 880 1095 942 sunt

77 966 220 1031 nostrat
211 988 257 1050 ra,
285 965 478 1049 elephantos
505 967 668 1030 trecentos
696 956 946 1052 quinquaginta,
974 965 1094 1050 pardos

79 1076 150 1139 sex,
176 1054 400 1120 rhinocerotas
423 1057 477 1121 oct
477 1053 571 1156 ogint
572 1075 605 1134 a,
632 1055 808 1137 pantheras
835 1076 912 1119 vero
941 1057 1095 1141 quattuor

78 1143 186 1227 milia,
219 1164 314 1208 canes
345 1143 445 1207 etiam
473 1142 509 1208 in
538 1142 687 1207 homines
717 1142 961 1208 efferatissimos
990 1165 1091 1209 nona·
1107 1164 1134 1205 ιο

79 1231 182 1316 ginta,
205 1234 318 1295 tauros
336 1234 460 1296 trecent
461 1252 508 1313 os,
530 1231 640 1317 virgas
660 1231 756 1297 ebeni
774 1231 922 1298 millet
888 1236 922 1297 a
923 1253 985 1317 que
1002 1232 1095 1316 quin·

78 1322 210 1405 gentas3
237 1340 319 1404 quae
348 1341 421 1386 cum
448 1320 589 1402 primum
618 1319 824 1386 auferenda
815 1321 963 1406 1usseris,
988 1325 1095 1386 trans·

78 1409 123 1472 mi
124 1412 260 1472 t.tentur
291 1406 381 1473 Haec
401 1410 438 1472 ut
450 1407 576 1473 valebis
595 1408 783 1491 scribasque
802 1408 843 1472 ad
860 1431 921 1474 nos
937 1409 1043 1492 velim,
1063 1411 1096 1474 et

79 1497 135 1580 qui
163 1496 229 1560 te
219 1518 286 1560 ram
309 1497 397 1561 orbis
420 1496 565 1561 universi
589 1495 754 1561 dominum
778 1517 849 1561 esse
873 1517 932 1582 gra
932 1495 1095 1562 t'ulemur.
1109 1517 1136 1557 rr

171 1582 229 1650 30.
254 1584 299 1648 Et
322 1585 363 1650 ad
384 1585 466 1650 haec
485 1584 615 1669 quidem
634 1583 860 1649 transferenda
878 1584 1016 1649 Alexan·
1072 1588 1144 1644 XIX.

79 1672 136 1737 der
163 1674 306 1737 miserat.
351 1672 427 1757 Ipse
448 1695 525 1738 vero
552 1672 651 1756 paulo
678 1674 755 1755 post
778 1671 934 1737 ridendae
961 1671 1094 1756 reginae
1112 1673 1146 1724 45

79 1761 188 1826 studio
208 1760 264 1826 illo
285 1759 451 1845 profectus
475 1764 533 1826 est.
571 1759 665 1837 Quod
686 1760 744 1826 ubi
762 1758 909 1825 Candace
928 1760 1095 1846 comperit,

79 1849 240 1915 eiusmodi
271 1872 341 1914 rem
375 1871 413 1914 ex
444 1849 574 1935 ingenio
609 1847 876 1915 comminiscitur.
930 1847 1040 1914 Unum
1077 1870 1094 1913 e

78 1938 261 2022 pictoribus
294 1938 501 2021 peritissimis
533 1939 580 2002 ire
613 1936 697 2003 clam
734 1937 865 2001 obviam
902 1935 1093 2002 adventanti

79 2026 267 2092 Alexandro
290 2026 389 2111 iubet,
412 2048 549 2110 eumque
569 2047 666 2110 quam
687 2024 955 2090 conliniatissime
974 2024 1095 2090 efficiat
1107 2044 1134 2085 ao

80 2136 117 2180 ac
141 2115 299 2199 depingat
322 2118 418 2199 atque
442 2114 484 2179 ad
506 2135 577 2180 sese
600 2114 781 2198 properiter
802 2114 974 2199 picturam,
997 2135 1095 2200 quam

79 2204 240 2283 inleverit,
264 2202 398 2268 deferat.
439 2202 477 2268 Id
499 2203 556 2268 ubi
574 2202 699 2268 factum
718 2205 768 2267 est
786 2206 819 2267 et
836 2202 944 2287 pictor
961 2202 1095 2287 revenit,

80 2294 248 2375 acceptam
272 2291 416 2377 effigiem
439 2291 550 2356 abdito
574 2291 714 2375 quodam
737 2294 771 2356 et
794 2293 917 2356 secreto
941 2291 1037 2375 ponit
1060 2291 1096 2355 in

80 2379 164 2446 loco.
211 2379 274 2445 Sed
296 2380 444 2445 insecuta
472 2379 673 2445 estfactum
700 2380 763 2445 hoc
790 2379 950 2446 eiusmodi
973 2380 1094 2446 fabula.
1108 2399 1136 2439 aa

79 2466 184 2532 Filius
212 2468 346 2553 reginae
373 2467 552 2552 (laudares,
579 2468 632 2533 eui
659 2489 779 2534 nomen
807 2466 989 2534 Candaules
1017 2472 1095 2548 erat,
1113 2477 1146 2529 49

80 2578 148 2621 una
171 2578 245 2622 cum
269 2556 434 2640 equitibus
454 2555 627 2621 admodum
651 2556 764 2640 paucis
782 2556 867 2622 forte
888 2556 1033 2623 adcurrit
1055 2556 1096 2622 ad

81 2643 243 2728 quaedam
270 2645 414 2710 tentoria
437 2644 616 2710 Alexandri
638 2645 791 2710 militum.
835 2644 921 2710 Moti
942 2667 1019 2711 vero
1043 2667 1096 2713 cu·

81 2733 193 2799 stodes
216 2734 375 2799 exercitus
398 2754 555 2843 personae
578 2734 724 2800 novitate
747 2733 924 2819 ducemque
945 2735 1039 2800 illum
1062 2737 1096 2799 et

171 2911 187 2960 1
207 2905 397 2975 aphmgasque
412 2907 471 2962 Mr.
490 2905 633 2977 frigusque
648 2908 683 2962 A.
702 2907 741 2961 fin
761 2907 891 2975 asqueP.
910 2909 1007 2963 nostro
1021 2907 1056 2961 A.
1063 2907 1096 2961 P.

80 2978 176 3031 vestro
195 2977 269 3031 Keil
332 2982 349 3029 4
366 2975 418 3032 H1s
436 2977 472 3032 ad
489 2978 598 3033 loculos
617 2978 651 3034 P.
712 2925 921 3044 aientemque
940 2977 1011 3031 Mai.
1017 2977 1096 3046 Epis.

80 3047 203 3102 ferarum
221 3048 256 3101 A.
265 3048 299 3103 P.
342 3048 494 3103 anostrati
511 3049 544 3105 P.
586 3054 603 3104 9
621 3049 773 3118 pantheras
790 3046 862 3102 Mai.
947 3046 1097 3101 theron.

80 3119 216 3188 pantaros
230 3118 262 3173 P.
303 3123 336 3172 10
355 3117 567 3174 efferaeissimos
581 3067 640 3174 A.
656 3122 689 3172 18
708 3116 786 3171 Haec
804 3120 836 3171 ut
853 3132 917 3171 ve
901 3115 962 3171 abis
981 3115 1098 3170 scribas-

80 3203 135 3257 que
154 3194 203 3243 etc.
223 3191 258 3243 A.
264 3188 297 3245 P.
325 3195 465 3260 corrupta.

171 3259 220 3315 111).
241 3265 275 3315 16
293 3259 414 3315 videndo
429 3260 465 3316 A.
503 3266 535 3315 17
555 3258 696 3314 Candacea
710 3257 746 3313 A.
765 3255 901 3312 eandam
915 3256 949 3311 P.
986 3261 1021 3310 10
1040 3254 1097 3338 011-

81 3329 139 3384 ciat
157 3329 194 3384 A.
201 3329 237 3384 P.
266 3329 311 3384 effi
332 3329 392 3388 iet?
379 3333 461 3388 111
483 3346 554 3401 prop
555 3330 609 3384 iter
627 3329 660 3384 P.
702 3333 735 3382 18
755 3327 878 3396 quodam
896 3342 965 3383 corr.
984 3342 1019 3381 ea
1037 3324 1098 3394 qui·

81 3401 145 3455 dem
160 3400 196 3455 A.
249 3405 284 3455 25
325 3401 439 3456 andacia
458 3402 525 3471 A.(
514 3403 565 3471 (sic
582 3401 639 3468 fare
656 3399 776 3468 semper).
758 3396 958 3468 >Candaules
976 3413 1044 3453 corr.
1064 3412 1099 3452 aa

81 3470 240 3597 Candaugss
264 3470 300 3525 A.
329 3469 468 3527 candales
492 3472 527 3526 P.
599 3476 634 3527 16
653 3470 775 3526 occurrit
796 3468 832 3524 A
905 3473 941 3525 18
957 3466 1040 3523 illum
1061 3468 1098 3523 A.

78 3559 174 3613 ipsum
