2362 3938
71 187 135 252 164
486 186 597 242 alana
614 186 662 241 Ill.

68 353 157 434 poto.
203 349 309 435 Igitur
336 372 394 414 rex
418 370 495 414 mox
518 350 638 416 lectulo
667 351 764 414 datur
792 371 828 414 ae
857 350 971 415 diebus
999 373 1086 416 com-

67 438 226 522 plusculis
256 461 329 504 eum
356 439 413 503 illa
443 439 586 522 pernicie
617 439 821 503 conluctatus
848 439 982 504 tandem
1013 462 1086 505 cau-

69 549 140 592 sam
173 527 318 592 eiusdem
349 527 483 612 periculi
521 548 592 590 esse
630 527 670 591 ab
705 526 881 610 Antipatro
920 530 1087 613 cognovit.

69 615 106 679 Id
129 617 276 681 insecuta
300 619 350 680 est
377 615 535 700 quaedam
563 615 665 680 veluti
691 614 927 699 indignationis
956 618 1085 683 caelitis
1105 631 1144 682 90.

43 705 258 773 sustentatio.
298 703 427 771 Nebula
450 703 569 788 quippe
595 703 769 769 admodum
793 726 903 769 crassa
925 704 1088 790 foedaque

70 793 229 859 interfusa
258 795 346 858 omni
374 794 441 858 adri
465 792 544 858 sudo
569 792 619 856 die
643 796 759 857 cuncta
781 792 817 856 in
840 794 992 857 tenebras
1016 817 1087 860 ver-

69 885 167 947 terat.
213 881 296 948 Tum
319 886 451 965 repente
475 903 492 945 e
515 881 656 946 nubibus
680 877 979 967 draconis'effigies
1005 883 1088 967 igni-

70 971 200 1036 tissima
223 972 358 1036 caelitus
381 971 503 1037 labitur
526 992 614 1035 mare
637 991 739 1053 usque
768 991 895 1055 unaque
925 993 999 1036 cum
1030 972 1088 1036 illo

70 1061 268 1144 praestantis
292 1059 420 1145 aquilae
444 1059 568 1144 species
592 1058 733 1125 volabat.
777 1057 867 1134 Quod
887 1060 944 1122 ubi
961 1059 1087 1124 factum

32 1168 58 1207 ιο
72 1151 129 1231 est,
148 1147 236 1212 lovis
257 1169 385 1231 quoque
406 1147 584 1231 Babylonii
601 1148 808 1212 simulacrum
824 1147 946 1212 motari
968 1149 1086 1233 coepit.

70 1234 115 1299 ut
144 1235 234 1299 hisce
261 1237 356 1299 factis
385 1258 496 1299 rursus
521 1237 619 1301 draco
642 1257 708 1300 una
731 1256 805 1299 cum
829 1237 937 1321 aquila
961 1258 1022 1300 sua
1045 1238 1087 1300 ad

69 1324 150 1387 caeli
181 1345 323 1389 convexa
353 1325 528 1406 remeavit,
560 1325 671 1409 aquila
703 1345 782 1387 sane
814 1325 936 1389 vehens
970 1326 1086 1390 stellae

69 1410 236 1476 cuiusdam
259 1411 419 1496 fulgidum
443 1413 589 1496 globum.
635 1412 727 1489 Quod
755 1413 813 1476 ubi
835 1412 984 1478 homines
1009 1415 1086 1478 risi·

69 1503 192 1584 tavere,
209 1502 311 1566 veluti
328 1501 578 1584 praenuntiante
598 1501 778 1585 divinitate,
797 1502 882 1586 quod
902 1504 1086 1586 gerebatur,

31 1609 57 1649 ic
70 1588 256 1655 Alexander
279 1611 407 1674 quoque
431 1589 547 1673 spiritu
570 1589 719 1674 protinus
743 1595 900 1655 vacuatur
926 1611 963 1654 ac
987 1591 1086 1655 mori-

69 1681 131 1743 tur.
177 1678 285 1745 Persis
312 1682 424 1742 tamen
452 1679 557 1744 multa
586 1678 752 1743 contentio
781 1683 851 1743 erat
879 1679 1086 1762 cupientibus

69 1787 179 1851 regem
206 1769 242 1831 in
270 1788 370 1851 regno
395 1767 525 1833 Persico
554 1767 693 1850 sepelire
724 1788 848 1850 proque
878 1768 938 1832 deo
962 1767 1086 1832 Mithra

16 1863 19 1868 '
68 1855 282 1941 religionibus
306 1877 501 1921 consecrare.
544 1856 721 1920 Enimvero
740 1854 933 1920 Macedones
958 1856 998 1920 ad
1017 1856 1086 1920 Ma-

69 1943 238 2011 cedoniam
266 1967 382 2028 corpus
411 1945 554 2010 indidem
581 1945 660 2008 ferri
687 1948 721 2008 et
749 1945 820 2008 solo
844 1945 951 2027 patrio
981 1947 1086 2028 sepul·

29 2052 55 2092 ao
70 2033 219 2117 chrisqne
234 2034 396 2098 maiorum
410 2033 611 2099 inferendum
626 2036 751 2117 putant.
771 2032 854 2096 Tum
868 2033 1085 2116 Ptolomaeus,

69 2122 155 2204 quod
179 2122 266 2186 enim
291 2124 388 2187 sciret
411 2124 495 2208 apud
519 2122 689 2206 Babylona
711 2120 799 2184 lovis
823 2121 989 2184 oraculum
1014 2144 1085 2185 esse

69 2209 260 2294 veridicum,
289 2213 324 2276 in
347 2213 417 2276 eius
441 2212 492 2275 dei
516 2211 709 2275 sententiam
734 2208 853 2286 differt,
876 2208 1010 2289 perinde
1035 2211 1083 2271 uti

68 2291 208 2382 iusserit,
232 2301 447 2365 consulturus.
485 2299 636 2383 Deusque
659 2297 880 2379 interrogatus
904 2293 951 2355 sic
975 2295 1035 2355 ait:

173 2419 294 2488 Accipe,¹
317 2435 388 2486 quae
407 2418 483 2487 regis
501 2417 582 2472 sedes
602 2417 748 2484 cultusque
767 2413 884 2467 dicetur.

29 2504 55 2545 11
176 2491 248 2545 Urbs
269 2489 371 2544 colitur
389 2488 448 2542 Nili
466 2488 581 2557 propter
600 2487 731 2540 umbrosa
749 2484 866 2551 fluenta,

176 2561 315 2631 Aequoris
333 2560 362 2614 in
381 2559 501 2629 gremio,
521 2558 623 2613 cereali
641 2557 719 2612 dives
738 2572 841 2623 anona,

175 2631 296 2687 Nomine
315 2630 500 2684 Amazonidos
519 2643 591 2697 quae
610 2626 713 2682 dicitur
730 2626 837 2696 inclyta
856 2626 1003 2696 Memphis.

175 2702 229 2758 Hic
249 2702 305 2757 sibi
324 2702 431 2771 templa
449 2698 510 2754 dari
529 2700 643 2754 sacrata
662 2699 727 2753 sede
746 2699 859 2767 recepto

177 2774 263 2829 Iussit
283 2773 428 2841 cornigero
447 2769 558 2839 genitus
578 2772 629 2825 snb
647 2769 752 2824 honore
771 2769 866 2837 Lyaei.

159 2987 285 3044 lveluti
302 3003 351 3042 om.
371 2986 406 3039 A.
480 2982 619 3052 tquippe
637 2983 673 3037 A.
701 2999 812 3051 quoque
834 2985 868 3041 P.
897 2984 1082 3051 crassadoque

71 3058 195 3115 interfua
214 3060 248 3113 P.
304 3056 420 3112 comni
442 3072 506 3111 aere
524 3054 559 3109 P.
591 3052 685 3107 omnia
704 3053 763 3107 aeri
781 3055 816 3110 A.
880 3054 1082 3124 epraestantis

72 3131 213 3187 MetMr.
240 3131 385 3199 praestare
403 3127 478 3182 ΑΡ.
506 3123 686 3195 praeclarae?
750 3129 784 3180 10
802 3126 905 3180 motari
924 3127 956 3180 P.
984 3127 1083 3178 nutare

71 3218 140 3258 corr.
159 3218 193 3257 ecc
211 3201 309 3254 natare
327 3201 364 3255 A.
419 3204 451 3251 11
470 3197 515 3251 his
535 3198 570 3250 P.
621 3201 654 3249 13
673 3195 745 3263 fulgi
765 3197 798 3251 P.
854 3203 886 3250 11
905 3212 1010 3264 proque
1030 3194 1082 3247 deo

71 3271 177 3325 Mithra
196 3270 274 3340 relig.
295 3287 370 3325 cons.
389 3285 439 3324 om.
457 3269 491 3323 P.
530 3274 563 3322 18
582 3265 766 3335 religionibus
782 3267 856 3321 Mai.
875 3265 1036 3334 regionibus
1047 3266 1081 3316 A.

71 3348 105 3396 21
125 3341 298 3396 babiloniam
317 3342 349 3397 P.
401 3337 609 3395 2211101111.
656 3343 690 3391 23
708 3335 824 3391 iusserit
843 3337 877 3390 P.
906 3337 948 3389 ius
968 3336 1029 3387 erat
1046 3335 1081 3386 A.

70 3413 237 3481 Numenque
255 3413 461 3482 interrogatum
480 3411 512 3466 P.
555 3414 591 3464 24
610 3409 715 3478 Accipe
734 3408 783 3476 qui
801 3408 836 3460 A.
883 3412 919 3460 26
937 3421 1028 3486 anona
1046 3404 1081 3456 A.

71 3483 194 3540 innona
209 3483 240 3537 P.
291 3489 325 3539 27
344 3482 530 3538 Amazonides
546 3481 580 3535 P.
609 3479 794 3534 Ameaodinos
808 3477 843 3531 A.
872 3477 1010 3545 Memphis
1025 3475 1081 3530 Mr.

71 3554 175 3609 mensis
194 3554 268 3611 ΑΡ.
341 3560 376 3609 29
394 3552 464 3624 Lyci
481 3552 517 3608 A.
546 3551 613 3607 liaci
634 3551 668 3605 P.
