2362 3938
441 197 557 253 Acras
577 196 802 254 ALEXANDRI.
1073 200 1114 264 67

98 382 178 448 parc
207 365 315 427 ratem
342 360 577 426 falsidioentiae
606 363 764 445 coeperat.
815 359 940 427 Varum
968 364 1008 428 ad
1035 364 1116 430 haec

99 450 265 517 sacerdos:
288 448 350 515 ‘Ne
374 446 474 535 sane‚'
496 449 611 534 inquit,
635 448 796 514 ‘moveare
814 449 866 514 his
886 449 990 537 dictis,
1013 474 1032 517 o
1052 454 1115 538 vir3

97 562 176 605 nam
202 543 320 605 cuncta
345 538 425 621 ista,
455 559 600 622 quaeque
628 537 815 602 hominibus
841 538 995 605 divinitus
1024 563 1115 626 prae·
1171 539 1178 559 ⁸

97 632 286 711 noscuntur,
310 627 420 711 colligi
443 626 635 692 coniecturis
658 628 923 713 argumentisque
945 631 1113 713 praenosci
1134 657 1148 697 4

97 718 159 782 diis
175 717 275 781 sedet.
306 714 428 799 Accipe
443 714 580 800 denique
595 717 862 799 argumentorum
875 717 953 782 vias.
986 716 1112 803 Quippe
1132 737 1157 788 3.

98 810 134 871 ut
152 805 235 870 illud
254 804 398 870 melioris
418 803 488 887 spei
504 802 691 869 Alexandro
711 803 880 907 dioeqetuq
903 805 938 870 id
956 808 1113 890 temporis

99 896 345 979 supervenerat,
378 914 441 976 quo
473 891 627 977 insigniri
659 892 760 958 vestis
791 896 919 960 intentu
950 916 1113 979 purpurae

98 985 259 1065 coeperat.
304 981 343 1045 Id
366 981 453 1045 enim
477 981 607 1046 demum
635 980 676 1045 ad
699 986 926 1048 ornamentum
954 984 999 1047 rei
1022 1005 1117 1067 prae·-

96 1074 231 1153 paratae
255 1070 479 1136 adhibebatur.
522 1068 715 1150 Enimvero,
742 1073 780 1135 ut
803 1071 906 1155 vides,
933 1073 998 1136 iam
1021 1076 1113 1139 textu

96 1159 197 1223 ferme
213 1159 374 1243 completo
394 1161 427 1222 et
445 1157 557 1223 labore
577 1159 682 1222 omnis
707 1159 815 1243 operis
834 1162 983 1226 absoluto
1007 1165 1112 1228 tumet
1126 1188 1152 1228 ιο

96 1248 274 1331 ingressus.
324 1246 431 1330 Igitur
459 1246 546 1330 quod
574 1247 638 1311 ista
665 1247 766 1312 vestis
795 1249 836 1312 ab
865 1271 961 1333 opere
989 1251 1111 1316 laboris

94 1357 233 1418 pausam
263 1335 415 1420 haberet,
446 1335 567 1400 idcirco
598 1356 667 1400 non
697 1335 737 1401 ab
768 1357 803 1400 re
834 1338 940 1403 visum
970 1343 1020 1404 est
1049 1341 1111 1406 tibi

96 1445 222 1508 quoque
241 1425 415 1488 terminum
435 1424 649 1508 magistratus
664 1423 830 1490 futurum?
862 1425 899 1490 Id
920 1448 993 1491 curn
1012 1429 1110 1494 altius

95 1514 241 1577 animum
270 1511 465 1597 Stesagoras
497 1513 715 1578 descendisset
745 1514 904 1598 simulque
935 1519 1024 1580 metu
1053 1538 1110 1601 po·

94 1601 219 1665 nendae
253 1603 417 1684 potentiae
449 1604 615 1687 ageretur,
648 1623 711 1686 quo
743 1605 833 1666 vates
867 1603 1013 1686 sibimet,
1044 1625 1109 1668 non
1124 1630 1149 1670 15

95 1689 289 1774 Stasagorae
318 1690 480 1754 contraria
503 1690 732 1773 praedixisset,
759 1690 864 1773 ipsam
892 1691 983 1755 illam
1007 1712 1109 1756 sacer-

94 1779 185 1845 dotio
210 1777 324 1842 deduci
346 1777 446 1843 iubet.

186 1865 221 1932 2.
266 1866 359 1942 Quod
398 1887 470 1930 oum
503 1865 687 1931 Alexandro
724 1866 894 1929 nuntiatur
936 1866 1106 1932 adversum
1125 1880 1159 1937 ΙΙ.

92 1956 249 2020 iudicium
269 1960 301 2018 et
320 1955 460 2040 gratiam
480 1976 573 2019 suam
592 1953 803 2039 Stasagoram
822 1955 940 2039 nisum,
963 1956 1107 2040 graviter
1130 1957 1154 2007 4·

93 2044 231 2109 infestus
255 2044 391 2107 eundem
412 2042 515 2124 illum,
538 2047 574 2107 ut
598 2043 818 2127 praedicatum
838 2043 944 2107 fuerat
963 2065 982 2108 a
1002 2065 1105 2109 sacer·
1120 2072 1146 2112 20

93 2133 184 2216 dote,
214 2132 333 2216 spoliat
361 2132 556 2216 magistratu
581 2130 848 2216 'sacerdotemque
877 2132 949 2198 loco
977 2132 1107 2200 restitui

65 2240 70 2251 ’
92 2222 192 2285 iubet.
239 2220 332 2296 Quod
359 2220 462 2304 igitur
485 2218 681 2306 Stesagorae
705 2222 916 2305 magistratus
942 2222 983 2287 ab
1007 2221 1108 2288 Athe·

91 2310 259 2374 niensibus
280 2308 374 2373 datus
393 2309 485 2390 foret,
510 2331 547 2375 eo
571 2309 708 2374 recurrit
726 2309 836 2394 ibique
855 2311 1009 2376 iniuriam
1027 2311 1107 2377 facti

92 2399 213 2464 defiens
242 2418 336 2480 opem
364 2398 405 2463 ab
432 2397 498 2482 his,
526 2420 545 2462 a
574 2398 690 2482 quibus
714 2397 906 2483 dignitatem
932 2400 1022 2464 illam
1053 2421 1106 2466 ac-

92 2490 231 2570 ceperat,
255 2486 450 2570 imploravit.
486 2485 606 2551 Animo
626 2487 810 2552 incitatiore
829 2488 1045 2554 Athenienses
1063 2511 1104 2555 ne
1119 2515 1145 2557 rs

92 2577 199 2640 verbis
220 2575 347 2658 quidem
367 2597 386 2638 a
405 2575 492 2659 regis
512 2576 708 2640 contumelia
721 2578 951 2662 temperavere.
979 2577 1103 2654 Quibus

92 2663 232 2749 acceptis
271 2662 455 2728 Alexander
491 2664 526 2726 in
563 2662 648 2746 hanc
679 2666 874 2730 sententiam
904 2666 1029 2730 l'tteras
1063 2666 1103 2729 ad

91 2752 306 2818 Athenienses
331 2751 430 2816 dedit:
455 2750 627 2835 ‘Equidem
649 2773 701 2816 me
723 2755 790 2819 scio
815 2758 892 2838 post
915 2755 1100 2837 susceptum
1119 2767 1145 2819 5,

91 2843 193 2924 patris
224 2840 289 2904 mei
315 2861 452 2925 reguum
480 2840 706 2925 procuratione
734 2842 882 2907 fortunae
912 2839 1101 2923 iampridem

92 2931 222 2995 occiduo
248 2929 324 2994 orbe
349 2928 520 3012 disposito,
548 2929 645 3014 idque
673 2952 730 3012 per
752 2931 892 3013 litteras,
914 2929 1101 3012 pacatisque
1115 2955 1141 2995 so

90 3018 139 3082 his
164 3018 312 3102 partibus
336 3020 369 3081 et
393 3017 433 3083 ad
457 3017 611 3082 auxilium
635 3019 793 3082 exercitus
821 3018 885 3081 mei
908 3017 1101 3081 commilitio

179 3215 194 3263 7
209 3225 349 3278 purpuras
358 3209 429 3264 Mai.
448 3223 605 3278 purpureae
613 3209 649 3262 A.
688 3212 721 3260 15
736 3222 791 3273 quo
806 3207 875 3260 coni.
885 3205 959 3260 Mai.
978 3203 1055 3273 quod
1063 3204 1099 3260 A.

177 3280 206 3335 2.
243 3285 275 3333 19
295 3280 417 3347 graviter
435 3280 558 3334 infensus
577 3277 681 3335 Eberb.
724 3283 758 3332 28
778 3277 890 3344 ceptum
911 3275 944 3328 P.
989 3279 1023 3328 29
1042 3274 1100 3330 iam

89 3351 196 3418 pridem
206 3351 243 3404 A.
263 3351 350 3405 etiam
368 3351 488 3418 primum
499 3350 534 3405 P.
572 3354 606 3404 30
626 3347 693 3404 orbe
713 3344 868 3416 composito
878 3345 978 3400 Eberb.
1017 3359 1100 3414 paca·

88 3422 178 3488 tisque
198 3421 295 3477 Haase
313 3421 428 3477 Miscell.
438 3421 509 3491 paiz.
525 3421 575 3488 II,
589 3437 619 3490 p.
634 3424 681 3475 26.
710 3417 871 3489 paratisque
885 3416 920 3471 A
928 3417 962 3472 P.
1001 3421 1034 3471 31
1055 3432 1101 3472 ex·

89 3494 190 3546 orcitus
214 3492 271 3545 mei
294 3492 389 3547 Haase
411 3494 459 3548 loo.
479 3493 524 3547 cit.
558 3490 617 3546 eius
640 3489 697 3547 mei
715 3490 749 3546 A
783 3489 812 3544 et
830 3487 966 3544 auxilium
989 3487 1046 3546 mei
1065 3487 1103 3544 P.

89 3569 112 3617 er
129 3569 155 3616 r.
171 3565 209 3631 (a)

903 3649 940 3704 μ
