2376 3938
413 191 542 248 OBITUS
562 192 782 248 ALEXANDRI.
1041 193 1103 256 141

93 361 126 420 et
149 357 258 421 animo
283 377 358 419 sane
382 356 501 438 regali,
525 355 581 418 sed
599 360 722 419 metum
744 355 834 420 huno
857 357 975 420 abicias
1000 356 1106 442 velim,

92 450 125 508 et
143 444 401 530 magnitudinem
425 444 549 528 gratiae
572 447 648 506 tuae
668 444 878 529 beneficiique
898 445 1105 509 considerans

91 535 223 619 dignam
252 531 508 598 vicissitudinem
537 553 640 614 spera.
687 531 781 606 Quod
811 533 896 596 enim
924 532 992 598 filio
1022 531 1105 598 (lan-

90 622 178 686 dauli
201 643 274 685 meo
298 622 333 684 in
357 620 590 705 Bebryciorum
612 621 737 686 ultione
762 621 966 704 praestitisti,
988 621 1021 685 id
1044 622 1105 685 tibi

91 732 150 794 ego
175 711 208 774 in
232 713 290 774 tua
310 710 415 773 salute
434 710 622 793 praestab03
647 716 743 793 atque
769 710 853 794 apud
874 709 1014 794 gentiles
1033 710 1131 773 bar-a

89 801 186 864 baros
207 820 297 863 meos
317 797 412 861 fidem
431 797 499 863 veri
522 799 605 861 clam
624 797 739 881 habeo,
764 798 884 882 quippe
904 820 978 862 cum
996 799 1105 883 palam

90 889 135 952 sit
159 910 178 951 a
202 886 298 952 caede
322 887 371 950 tui
396 886 544 950 homines
569 890 688 950 natura
711 887 874 951 saeviores
899 886 986 950 haud
1009 886 1105 951 facile

90 981 345 1060 temperaturos,
376 975 404 1037 si
435 975 491 1058 qui
521 973 562 1038 ad
592 975 689 1039 fidem
719 976 883 1058 venerint,
912 976 1104 1058 praesertim

89 1087 162 1128 cum
186 1071 221 1128 tu
246 1066 344 1128 etiam
368 1062 445 1127 Pori
470 1063 513 1126 sis
538 1062 741 1145 interfector,
772 1065 862 1127 cuius
891 1064 993 1129 filiam
1020 1065 1103 1129 scito

88 1154 224 1217 iunioris
248 1153 311 1216 mei
334 1152 394 1214 filii
413 1151 563 1236 coniugio
584 1152 780 1234 copulatam.
819 1152 925 1228 Quare
945 1156 1014 1217 esto
1034 1152 1142 1216 An-1o

88 1243 221 1326 tigonus
246 1240 332 1323 apud
350 1241 437 1318 illos,
460 1261 534 1304 cum
556 1239 636 1303 mihi
656 1241 717 1305 soli
736 1239 922 1305 Alexander
941 1241 1102 1306 habeare?

176 1328 233 1394 40.
263 1330 307 1393 Et
331 1351 403 1392 cum
426 1328 515 1392 hisce
539 1328 633 1392 dictis
658 1329 824 1412 egreditur
848 1334 943 1413 atque
967 1331 1007 1394 ad
1051 1335 1150 1393 XXIII.

87 1417 285 1483 Candaulem
310 1418 356 1481 sio
380 1417 439 1480 ait:
464 1415 543 1480 ‘Fili
567 1415 746 1499 Candaule,
769 1421 868 1500 tuque
892 1418 1018 1503 Margie
1041 1423 1163 1484 111163-

86 1529 141 1570 rus
173 1506 383 1589 suavissima,
409 1505 535 1590 gaudeo
567 1505 753 1586 admodum,
786 1506 872 1589 quod
898 1507 1100 1591 intempore

86 1595 149 1658 fuit
167 1601 275 1659 vestro
291 1593 468 1657 Alexandri
483 1593 569 1678 regis
590 1593 746 1657 auxilium
766 1595 962 1677 repperisse,
981 1598 1100 1660 cetero·
1114 1616 1139 1658 15

88 1685 142 1766 qui
162 1684 254 1748 vobis
274 1683 371 1746 vidua
389 1684 455 1746 iam
475 1685 507 1745 et
526 1682 674 1766 lugubris
694 1681 747 1746 hic
768 1683 920 1746 sederem.
956 1682 1100 1767 Dignum

84 1772 186 1856 igitur
208 1773 340 1835 fortuna
364 1775 476 1835 nostra
500 1771 562 1833 erit
585 1770 823 1834 internuntium
845 1769 1020 1834 Alexandri
1045 1772 1099 1836 do·

83 1865 198 1925 natum
223 1860 410 1924 muneribus
434 1859 511 1922 hinc
538 1857 683 1922 remitti?
730 1856 793 1921 Sed
822 1858 862 1921 ad
890 1858 969 1923 haec
992 1859 1100 1924 iunior

84 1946 249 2012 Candaces
274 1948 359 2011 filius
384 1946 550 2030 Charagos
573 1947 717 2011 nomine:
742 1945 866 2022 ‘Quam
888 1946 1026 2030 vellem,'
1050 1949 1098 2011 in-

83 2038 166 2120 quit,
197 2037 234 2102 ‘o
265 2041 383 2119 mater,
412 2041 543 2100 nostrae
575 2057 703 2120 quoque
732 2035 868 2100 iniuriae
896 2036 1096 2101 meminisse!
1112 2061 1138 2100 ao

83 2125 197 2209 Neque
227 2126 313 2189 enim
337 2124 421 2189 clam
444 2129 491 2205 te,
520 2124 613 2187 illum
637 2145 732 2207 quem
757 2124 955 2207 opitulatum
979 2126 1097 2190 saluta·

82 2213 162 2277 riter
180 2215 268 2278 dicas
287 2213 383 2277 fratri
401 2235 482 2296 mec,
503 2212 567 2276 mei
586 2233 712 2297 quoque
733 2213 839 2277 soceri
856 2212 1096 2279 interfectorem

84 2303 254 2368 exstitisse.
306 2302 379 2366 Erit
401 2302 503 2386 igitur
531 2300 717 2364 memoriter
742 2322 779 2366 ac
805 2302 890 2365 iuste
921 2303 1021 2367 etiam
1049 2304 1097 2368 in·

82 2391 264 2475 dignantis,
295 2391 324 2454 si
354 2391 404 2454 vel
434 2390 468 2452 in
498 2389 559 2453 hoc
590 2387 768 2453 Alexandri
798 2390 996 2462 internuntio
1027 2393 1094 2456 eius

80 2480 275 2543 ulciscamur
303 2477 475 2543 iniuriam?
523 2477 584 2542 Sed
613 2477 654 2541 ad
682 2477 763 2542 haec
790 2480 904 2563 regina
931 2478 1093 2545 Candace:
1108 2503 1135 2545 aa

81 2565 236 2652 ‘Nequej
265 2568 384 2651 inquit,
412 2567 446 2630 ‘c
470 2569 561 2648 nate,
589 2565 670 2630 mihi
693 2566 734 2630 ad
757 2567 977 2634 Alexandrum
1004 2570 1091 2634 istud
1112 2582 1154 2633 64.

169 2776 287 2829 6fidem
306 2777 391 2830 velim
401 2776 434 2830 P.
478 2774 536 2829 8ei
555 2774 622 2843 quid
642 2776 678 2829 ad
696 2775 781 2830 fidem
795 2777 905 2832 venerit
915 2777 948 2832 P.
988 2783 1021 2832 10
1039 2779 1092 2833 filii

77 2863 127 2901 om.
149 2847 182 2900 P.
258 2853 288 2900 11
310 2847 414 2900 habere
435 2847 468 2901 P.
685 2899 687 2901 ,

166 2917 214 2972 40.
236 2924 268 2970 12
288 2918 331 2971 his
342 2917 376 2971 P.
416 2922 449 2970 15
469 2916 612 2984 ceteroqui
620 2918 651 2970 P.
672 2919 851 2985 ceterumque
861 2919 896 2971 A.
936 2923 967 2971 19
988 2918 1090 2976 Chara-

77 3005 128 3057 gos
139 2989 173 3042 A.
199 2988 383 3056 CharogosP.
408 2987 562 3055 Carogarus
581 2989 621 3042 uel
639 2989 883 3056 ArrogarusEpa't.
936 2993 969 3041 22
989 2989 1089 3044 meiA.

77 3060 103 3112 ci
115 3060 148 3112 P.
185 3066 219 3112 23
241 3061 407 3114 Postuerta
428 3058 646 3111 ‘interfectorem
666 3057 803 3110 extitisse’
826 3060 933 3125 aliquid
951 3060 1089 3126 excidisse,

76 3130 203 3198 Epitome
217 3131 302 3197 docet,
319 3147 389 3199 quac
407 3130 512 3183 exhibet
530 3130 605 3182 haee:
627 3129 680 3181 Sed
700 3129 735 3182 ab
754 3127 809 3180 hac
826 3128 982 3182 intentione
1000 3131 1090 3183 mater

76 3218 138 3253 eum
159 3204 321 3255 convertero
341 3199 455 3268 cupiens
476 3200 601 3264 dicebat,
625 3198 654 3251 id
677 3197 793 3260 minime
818 3198 877 3251 fieri
895 3200 1034 3266 potuisse,
1057 3206 1089 3254 ut

75 3277 134 3323 tam
152 3288 255 3340 parvae
271 3275 395 3326 staturae
409 3269 594 3323 homunculus
613 3268 686 3323 orbis
701 3268 788 3322 totius
803 3269 927 3323 dominio
942 3271 1087 3336 potiretur.

75 3341 223 3396 Enimvero
248 3341 453 3395 internuntium
472 3340 625 3394 Alexandri
647 3339 728 3392 illum
752 3339 838 3393 fuisse
863 3342 1011 3394 asserebat.
1049 3343 1088 3396 At

75 3411 125 3466 ille
146 3412 190 3466 ‘0’
212 3413 312 3480 inquit,
333 3414 444 3466 ‘saltem
463 3412 491 3464 in
510 3413 563 3464 hoc
581 3411 640 3464 eius
656 3410 780 3464 satellite
796 3412 840 3464 sat
853 3409 923 3464 mihi
937 3410 1086 3466 videbatur

74 3484 174 3536 ulcisci
200 3485 376 3537 carissimum
402 3483 482 3537 nobis
507 3481 629 3536 Porum'
713 3488 746 3536 23
774 3481 861 3551 igitur
887 3482 1026 3538 Afmihi
1052 3484 1080 3537 P

76 3559 110 3608 26
130 3555 236 3623 Neque,
255 3555 356 3622 inquit,
375 3555 411 3608 A.
440 3552 537 3621 Neque
557 3553 630 3606 enim
648 3551 681 3605 P.

872 3641 925 3695 ro*
