2362 3938
79 196 193 251 XLVIII
481 191 688 247 PRAEFATIO

168 345 232 404 230
250 344 385 417 profusis
408 343 526 418 scripsi:
545 343 706 417 proftcsdc's
728 343 767 402 V.

165 434 229 491 237
255 432 355 492 docilis
376 432 464 505 relcpi
477 431 631 504 1333713333
652 431 789 504 relinqui.
808 432 889 492 haee
901 432 1002 493 uerba
1013 431 1086 493 simul

78 526 109 581 33
140 539 264 580 uersum
295 521 470 596 sequentem
502 519 554 594 qui
576 521 716 577 accurate
748 521 964 598 perpenderit,
996 522 1087 581 isnon

78 610 192 686 poterit
223 609 362 668 dubitare
400 607 437 666 de
472 607 556 666 uocis
593 599 746 682 ‘relinqui'
765 610 973 684 'corruptela
1025 610 1087 668 inter

80 697 236 774 relegendi
259 700 361 756 autem
384 696 548 754 3313333331
570 695 603 753 in
624 695 728 754 hostes
751 696 897 756 mittendi
925 715 1086 757 commemo
1131 694 1133 703 '

79 788 229 846 rationem
255 804 315 844 non
342 784 435 843 habet
461 785 560 844 locum
585 783 646 841 nisi
672 783 704 840 id
727 785 809 858 quod
835 805 866 843 3.
897 787 965 845 254
994 787 1087 845 dicitur

82 868 285 934 ‘recollectam
307 891 413 931 rursus
435 865 537 931 local’.
582 888 642 930 non
668 871 760 930 nimis
783 877 890 931 autem
916 874 1031 934 13333313
1055 874 1088 931 ir-

80 961 266 1021 haerendum
288 965 335 1020 333
358 961 515 1036 hocloco,
544 978 612 1018 oum
639 963 788 1033 appareat
813 960 981 1021 librarium
1004 957 1088 1021 ‘relis-

79 1043 141 1125 qui’
175 1049 331 1122 scripsisse
362 1066 456 1123 praue
487 1067 651 1108 memorem
676 1048 736 1107 loci
763 1049 913 1109 simillimi
942 1048 995 1126 [V.
1022 1044 1087 1124 223]

81 1130 253 1211 Soligenae
275 1135 342 1192 falli
364 1136 466 1193 meriti
483 1136 644 1212 meritique
666 1129 819 1211 relinqui'.
864 1157 944 1214 quae
966 1158 1035 1198 cum
1055 1139 1089 1196 133

80 1242 112 1282 se
135 1222 278 1297 habeant,
301 1223 445 1297 rescripsi
466 1223 497 1280 id
521 1224 601 1299 quod
624 1225 807 1283 3333333313
829 1225 918 1286 33133
940 1227 1088 1304 flagilalm

78 1303 215 1384 ‘.reponi'

170 1399 233 1458 238
258 1399 373 1458 lordum
397 1397 552 1458 Heinsius:
577 1401 664 1460 altior
684 1400 721 1459 V.

131 1482 134 1488 ’
171 1489 234 1548 247
259 1489 431 1561 imperentur
453 1488 532 1547 Phil.
554 1487 740 1565 Wagnerus:
764 1489 939 1564 3333333333
960 1490 998 1551 V.

173 1578 235 1635 249
260 1579 382 1636 33333333
402 1576 558 1636 Heinsius:
582 1577 700 1637 33333333
721 1576 757 1635 V.

174 1666 237 1724 258
262 1668 370 1739 occepil
391 1665 439 1724 bis
463 1665 581 1741 scripsi:
606 1667 714 1725 3333113
735 1664 783 1724 313
806 1667 844 1725 V.

172 1753 236 1810 264
261 1754 389 1812 calamos
412 1755 532 1830 scripsi:
555 1771 654 1812 roccos
676 1753 705 1811 V
727 1754 839 1828 inepte.

173 1843 237 1900 279
260 1841 365 1899 malim
388 1835 516 1900 ‘animos
539 1841 639 1900 clades
663 1835 777 1918 auget'.

173 1930 236 1988 285
260 1931 342 1988 33333
364 1929 550 2006 Maduigius,
574 1948 643 2005 ego:
666 1931 767 1989 urbem
789 1929 827 1988 V.

173 2019 237 2077 287
267 2019 309 2076 sic
336 2018 411 2089 fccrc't
439 2019 558 2093 scripsi:
585 2020 678 2077 333333
704 2017 746 2094 7,
779 2019 859 2093 quod
891 2020 941 2078 hic
969 2019 1088 2080 nondum

84 2106 176 2163 habel
198 2105 310 2181 locum,
334 2104 422 2163 313.
446 2109 520 2168 292.

173 2194 235 2251 291
255 2195 404 2266 paruique
425 2195 508 2252 33333
529 2196 653 2254 13333333
674 2199 797 2269 nepotas
849 2195 892 2254 sic
920 2215 957 2255 ex
981 2195 1090 2254 033313

82 2280 130 2337 313
154 2279 254 2338 331133
282 2280 418 2339 scribunt
449 2283 588 2356 pessime.
633 2301 797 2358 numquam
825 2284 904 2342 enim
933 2277 1008 2343 ‘uia'
1032 2282 1092 2343 sim·

84 2367 205 2443 pliciter
226 2387 282 2441 pro
305 2387 340 2426 3ο
355 2369 434 2442 quod
457 2372 506 2428 333
528 2363 617 2429 ‘mos'
640 2372 692 2429 uel
706 2365 902 2482 ‘institutum'
926 2375 1093 2448 usurpatur

82 2454 111 2512 V
140 2449 270 2512 habel
272 2474 340 2513 eam
367 2451 516 2515 dedieere'
543 2459 622 2516 unde
649 2453 828 2518 1133333313
830 2453 873 2517 m'
905 2462 1037 2520 traiecta
1064 2458 1095 2517 13

86 2535 228 2616 eadem'3
252 2541 359 2600 deinde
373 2544 503 2616 repetita
526 2546 645 2620 syllaba
669 2541 723 2604 di'
736 2548 900 2662 legendum
913 2552 961 2608 333
985 2544 1096 2608 eadem

81 2623 232 2688 didicere'.

171 2719 234 2776 296
263 2719 368 2790 frontis
396 2719 515 2793 scripsi:
543 2723 658 2793 frondis
685 2724 798 2785 V.-
830 2730 1038 2800 conspectoque
1063 2723 1097 2800 V,

83 2824 158 2866 corr.
181 2805 333 2865 Heinsius.

174 2896 238 2955 300
261 2915 297 2954 ex
328 2895 356 2951 V
389 2892 551 2956 restitui
553 2916 614 2959 non
646 2919 775 2987 usquam
805 2895 917 2977 31133,
950 2902 989 2961 31
1023 2901 1100 2979 quod

88 2985 152 3044 sine
174 2984 237 3044 ullo
265 2984 387 3061 negotio
412 2978 1100 3065 33033333333333333113333.131313

85 3073 233 3150 lacunam,
261 3093 320 3149 qua
348 3074 533 3135 deformatus
562 3079 610 3136 333
636 3095 758 3152 333333,
790 3077 909 3152 explaui
941 3077 1100 3138 inserendo

87 3165 157 3219 3333
181 3155 299 3221 instal'
321 3180 427 3221 uocem
449 3157 579 3223 acrior'.
606 3195 644 3204 -
670 3168 757 3237 osque
778 3164 985 3224 Burmannus:
1008 3168 1102 3240 adqcse

86 3246 123 3306 V.
147 3281 191 3289 ——
213 3252 303 3309 133333
324 3250 479 3309 Heinsius:
502 3254 595 3311 333333
615 3250 652 3310 V.

175 3338 239 3396 303
263 3338 330 3396 him
350 3338 654 3397 Burmannusz'lcaosc
674 3337 711 3395 V.

178 3423 241 3481 305
263 3428 377 3497 93331333
403 3429 498 3498 333333
519 3445 555 3483 ex
576 3423 763 3498 7333313331,
786 3422 823 3481 cf.
847 3424 886 3482 ad
909 3424 957 3484 III
979 3429 1057 3489 481.

175 3508 239 3567 313
264 3515 357 3570 ummo
379 3509 524 3571 Kochius:
548 3514 626 3571 ormi
646 3511 684 3570 V.
