2362 3938
98 178 140 242 10
529 176 638 233 LIBER
656 177 677 232 l.

96 339 157 423 ait,
188 338 310 422 ‘patuit
338 360 414 404 vero
443 343 635 424 argumento
665 340 766 405 divini
796 339 881 405 circa
907 344 940 404 te
968 341 1113 406 numinis

96 428 211 493 cultus.
257 426 408 492 Vidimus
432 428 518 493 enim
543 428 637 494 deum
661 429 874 493 auxiliantem
900 429 960 493 tibi
983 431 1114 513 pericli-

95 515 190 600 tanti,
214 516 361 601 quamvis
385 517 456 600 quis
479 517 508 582 is
533 517 576 582 sit
598 517 757 600 nesciam,
783 517 902 602 quippe
925 518 976 582 vel
999 517 1114 584 Iovem

96 605 208 670 credas
233 626 271 668 ex
291 604 400 689 aquila
419 606 470 669 vel
489 606 683 670 Ammonem
707 627 746 669 ex
765 604 924 671 dracone?
967 608 1023 672 Au
1040 607 1115 672 llaec

71 695 226 760 smulcer:
256 692 452 759 ‘Ammonem
478 714 510 759 se
536 695 658 776 quidem
674 693 834 776 professus
862 698 917 773 est,
945 695 1020 760 dum
1043 698 1114 778 pri·

96 802 183 849 mum
210 802 327 850 mecum
349 784 508 848 conuenire
529 784 676 865 dipuctcs
703 787 759 867 est,
786 783 900 848 salica
921 783 1040 867 Mbpoe
1062 787 1113 850 do-

95 874 218 938 minum
239 870 420 937 emicasse?

187 959 220 1025 5.
243 960 420 1025 Enimvero
438 979 562 1043 pauens
581 980 654 1024 cum
677 959 712 1023 in
731 959 870 1044 quadam
889 960 998 1044 regiae
1016 966 1112 1044 parte
1130 982 1177 1039 XI,

96 1047 267 1134 Philippus
292 1048 468 1126 sessitaret,
491 1049 607 1132 inqua
631 1070 707 1113 aves
726 1048 884 1133 plurimae
904 1049 1114 1114 circumerra-

57 1158 83 1197 ιο
97 1142 177 1216 rent,
191 1138 283 1220 isque
297 1137 443 1201 intentus
458 1137 553 1200 rebus
569 1137 703 1222 agendis
719 1138 862 1201 animum
877 1139 1112 1222 occupavisset,

96 1229 227 1308 repente
244 1226 369 1310 gallina
384 1226 592 1309 supersiliens
612 1226 680 1290 eius
699 1227 733 1290 in
752 1227 859 1291 sinum
874 1224 1110 1312 considensque

95 1315 190 1378 enixa
214 1318 264 1378 est
288 1336 394 1379 ovum.
442 1313 504 1379 Sed
533 1336 629 1378 ovum
652 1314 731 1378 illud
756 1315 920 1380 evolutum
945 1315 1017 1379 sinu
1042 1319 1111 1381 eius

94 1401 186 1467 humi
210 1408 396 1487 concrepat,
424 1403 579 1487 cuiusque
606 1403 728 1468 testula
756 1403 951 1468 dissultante
976 1403 1111 1469 dracun-

97 1493 197 1575 culus,
219 1496 352 1576 utpote
375 1493 500 1557 tantilli
524 1492 688 1557 conclavis
706 1493 883 1576 pertenuis,
907 1493 1016 1577 egredi
1036 1494 1110 1558 visi·

56 1599 81 1641 rs
95 1582 159 1664 tur,
177 1581 270 1666 isque
285 1603 380 1665 saepe
396 1582 651 1646 circumcursans
671 1584 704 1645 et
722 1582 868 1646 ambiens
888 1582 941 1646 ovi
955 1582 1110 1646 testulam

95 1671 179 1734 velle
199 1692 233 1734 se
252 1692 364 1735 rursus
384 1692 431 1754 eo,
450 1669 534 1735 unde
553 1674 738 1754 emerserat,
757 1670 907 1755 condere,
931 1670 986 1735 sed
1005 1671 1110 1753 prius-

96 1780 193 1842 quam
212 1761 356 1843 cupitum
376 1762 497 1845 ageret,
520 1764 625 1824 morte
643 1763 840 1845 praeventus
859 1765 917 1824 est.
959 1759 1009 1824 Ea
1027 1761 1110 1824 visio

94 1869 162 1919 non
180 1870 317 1932 parvum
341 1850 528 1934 scrupulum
546 1847 700 1934 Philippo
723 1849 759 1912 in
783 1848 925 1912 animum
947 1848 1110 1914 iniecerat

95 1936 165 2000 Rex
188 1936 325 2022 denique
349 1938 600 2022 Antiphontem,
629 1938 683 2021 qui
707 1938 871 2002 coniector
898 1937 931 2000 id
953 1939 1110 2020 temporis

55 2027 246 2109 aegregius
270 2026 466 2110 habebatur,
495 2025 643 2090 arcessiri
671 2025 761 2088 iubet
788 2025 880 2106 eique
908 2025 1013 2105 aperit
1040 2047 1110 2090 rem

95 2113 278 2176 visitatam:
309 2114 482 2196 gallinam,
512 2133 623 2195 ovum,
654 2111 900 2191 dracunculum,
928 2112 1109 2197 circuitum,

95 2203 233 2264 mortem
248 2200 447 2265 dracunculi.
477 2199 540 2264 Sed
554 2198 639 2261 enim
653 2195 801 2280 Antipho
817 2197 857 2260 ad
871 2198 1109 2263 incrementum

94 2288 231 2370 peritiae
262 2309 338 2351 suae
369 2287 420 2352 dei
454 2286 649 2352 adminiculo
682 2284 859 2368 inspiratus
892 2285 965 2350 infit
996 2308 1108 2372 regem

95 2374 221 2440 docere:
241 2375 343 2438 filium
363 2396 439 2440 mox
458 2376 487 2438 ei
505 2374 584 2457 fore,
603 2373 658 2458 qui
678 2394 806 2438 omnem
825 2374 981 2440 mundum
1002 2377 1108 2444 obiret

55 2483 81 2524 25
96 2485 287 2548 omnemque
306 2486 383 2528 suae
403 2462 521 2528 dicioni
541 2462 742 2549 subiugaret3
760 2463 847 2529 hunc
860 2469 935 2549 post
949 2466 1108 2532 ambitum

94 2552 251 2617 mundani
278 2552 417 2636 laboris,
447 2552 578 2616 domum
609 2553 675 2618 iam
705 2575 739 2617 se
766 2558 961 2639 vertentem,
992 2578 1108 2621 occasu

95 2641 192 2706 celeri
210 2641 400 2725 periturum.
443 2639 561 2706 ‘Draco
586 2639 727 2726 quippe,'
751 2643 806 2727 ait,
830 2642 892 2708 ‘est
910 2646 1020 2730 regale
1040 2646 1108 2710 ani-

94 2729 169 2794 mal.
207 2727 311 2794 Ovum
335 2751 412 2795 vero
436 2729 541 2794 forma
564 2731 739 2795 mundialis
763 2731 831 2798 est'
872 2732 922 2797 Ex
947 2757 1011 2819 quo
1036 2756 1108 2799 cum

95 2818 192 2884 draco
212 2818 357 2902 erupisse
373 2817 531 2901 videatur,
549 2822 624 2902 post
643 2840 771 2884 omnem
789 2821 1000 2887 rotunditatis
1019 2824 1106 2887 illius

56 2927 82 2967 so
97 2908 255 2972 ambitum
280 2906 432 2972 circuisse
461 2911 558 2992 atque
582 2907 708 2992 ingredi
732 2930 785 2992 eo,
811 2908 895 2973 unde
920 2914 1026 2975 ortum
1050 2910 1105 2973 ha-

95 2996 220 3082 buerat,
238 2995 408 3079 cupivisse,
426 2998 516 3080 prius
531 2995 660 3079 quidem
680 3000 853 3081 mortuum,
873 3019 970 3082 quam
989 2996 1023 3060 id
1036 2997 1106 3059 fieri

188 3197 201 3244 1
222 3190 387 3259 argumento
406 3188 463 3242 cod.
480 3186 566 3241 Oxou.
599 3187 795 3256 argumentum
805 3188 838 3241 P.
871 3186 992 3240 numinis
1011 3201 1061 3239 om.
1072 3186 1104 3239 P.

95 3260 187 3330 suppl.
206 3277 240 3315 ca
258 3260 315 3315 cod.
337 3259 424 3314 Occu.
497 3263 514 3310 4
533 3256 705 3327 Responsum
725 3257 897 3327 Olympiadis
915 3259 946 3312 ia
964 3258 1054 3311 codice
1074 3257 1104 3312 P.

96 3334 224 3386 maiacum
246 3347 280 3386 ecc
298 3331 416 3400 epitoma
433 3329 571 3399 supplevi;
593 3329 625 3381 ia
643 3333 670 3381 Τ.
686 3328 774 3397 plura
792 3329 1018 3396 continebantur,
1038 3344 1107 3397 quoe

95 3406 187 3457 tamea
205 3403 258 3471 lapi
276 3403 333 3456 iam
351 3404 539 3470 conpescunt
558 3400 666 3466 (uenat
683 3405 737 3453 tres
755 3401 865 3466 vasus).

185 3475 214 3527 5.
245 3479 278 3526 14
297 3472 438 3527 conclavis
456 3471 512 3526 Mu.
542 3467 670 3525 conclavi
689 3469 721 3525 P.
751 3470 882 3538 conglovi
900 3475 927 3525 'L
993 3474 1025 3524 18
1044 3484 1107 3538 par-

96 3560 162 3597 vum
181 3543 213 3597 P.
241 3559 340 3611 parum
359 3548 385 3594 Τ.
459 3546 493 3596 25
513 3559 579 3596 suae
599 3558 649 3598 cru.
671 3541 704 3594 P.
739 3539 856 3595 dictioni
874 3546 902 3596 Τ.
