2376 3938
358 175 651 232 Anuoununlcou
668 178 777 234 LIBER
795 181 829 236 V.
1054 183 1098 248 87

80 326 171 386 duret
193 330 229 384 ut
249 321 388 384 inualidis
412 330 442 383 et
465 323 560 384 adhuc
583 327 727 404 genitoris
750 330 867 407 egenis:

80 415 155 474 haut
177 410 263 472 aliter
286 413 360 471 socii
382 429 524 490 supremo
547 414 578 472 in
601 421 737 492 tempore
760 415 877 496 Tiphyn

80 509 151 562 ante
174 499 246 561 alios
271 517 428 578 superesse
452 499 565 560 uolunt.
612 518 692 562 mors
716 504 949 582 frigidacontra

81 596 183 669 urget,
206 595 236 647 et
258 587 307 648 ille
331 605 437 647 recens
456 588 550 649 oculis
573 589 734 651 interuolat
747 590 860 654 ldmon.

80 679 251 739 exanimum
274 676 385 735 frustra
407 675 522 755 Minyae
546 677 674 737 clamore
697 689 852 742 morantur

82 765 229 842 auellique
253 771 374 843 negant3
392 766 444 824 uix
467 764 600 826 membra
623 769 749 845 rigentia
772 769 892 830 tandem

81 857 241 932 inposuere
264 870 336 930 rogo
360 851 556 932 lacrimasque
579 862 610 914 et
632 872 756 915 memora
779 856 904 918 flammis
1064 871 1099 920 30

82 959 159 1002 uana
181 941 294 1019 lerunt3
319 942 427 1000 crescit
450 941 535 1001 donis
558 942 658 1003 feralis
682 962 817 1006 aceruus.

83 1038 117 1090 ut
139 1047 212 1088 uero
236 1029 388 1107 amplexus
411 1029 483 1089 fessi
506 1048 615 1109 rupere
639 1049 797 1110 supremos

82 1125 115 1177 et
136 1116 254 1196 rapidae
278 1134 406 1176 sonuere
429 1116 523 1198 faces,
546 1124 618 1178 tunc
642 1121 706 1198 ipsa
729 1123 856 1181 cremari

83 1207 148 1266 uisa
170 1207 242 1265 ratis
265 1204 421 1282 medioque
446 1208 527 1266 uiros
550 1206 699 1284 deponere
722 1204 822 1287 ponto'.

83 1312 144 1354 non
167 1292 235 1352 tulit
257 1292 419 1353 Aesonides
441 1296 567 1372 geminis
590 1293 743 1373 flagrantia
766 1316 893 1357 cernens
1065 1309 1100 1359 35

84 1398 210 1459 corpora
233 1399 301 1439 cara
323 1383 417 1462 rogis,
441 1382 493 1441 sed
516 1390 637 1460 pectore
661 1384 768 1444 ductor
791 1385 827 1444 ab
850 1371 923 1445 imo¹

82 1469 153 1529 talia
175 1485 249 1527 uoce
273 1470 376 1546 gemit:
401 1465 484 1547 ‘quid
507 1478 622 1530 tantum
644 1473 760 1532 insensa
783 1480 906 1550 repente

82 1552 227 1618 numina?
249 1558 301 1634 qui
323 1559 419 1616 nostri
440 1576 552 1635 poenas
575 1576 712 1618 meruere
735 1556 873 1619 labores?

83 1646 153 1706 bina
178 1637 290 1726 (nefas)
314 1652 379 1704 tuto
401 1648 514 1723 pariter
536 1645 608 1704 mihi
631 1646 735 1705 lunera
760 1652 886 1724 surgunt

83 1734 179 1793 litore.
224 1750 328 1811 magna
351 1733 424 1792 adeo
448 1736 589 1793 comitum
612 1751 830 1812 numerosaque
853 1732 970 1813 pubes?
1064 1748 1100 1798 40

84 1829 135 1881 aut
158 1822 255 1880 socios
278 1823 355 1899 rapit
378 1829 441 1880 atra
464 1821 527 1880 dies
555 1829 606 1881 aut
628 1824 692 1900 ipse
716 1820 853 1901 relinquo

84 1908 220 1970 sontibus
243 1908 379 1987 inpulsus
401 1908 525 1969 Furiis·
555 1909 607 1969 ubi
630 1906 763 1988 Tiphys?
785 1909 838 1970 ubi
855 1910 965 1971 Idmon

81 1998 143 2058 iata
166 1993 296 2056 canens?
318 1997 370 2056 ubi
392 1997 602 2057 monstriferae
624 2016 679 2076 par
701 1996 750 2058 ille
774 1995 944 2059 nouercae?

84 2094 115 2145 te
138 2086 216 2165 sine,
239 2084 417 2165 Thespiade‚
441 2103 495 2145 nos
519 2084 579 2144 ulla
601 2085 788 2146 mouehimus
812 2086 890 2169 ultra

85 2169 234 2251 aequora?
257 2190 312 2232 nec
336 2191 450 2233 summa
474 2173 676 2252 speculantem
697 2193 797 2253 puppe
820 2166 930 2235 uidebo
1065 2186 1101 2236 45

84 2260 295 2339 Pleiadumque
319 2261 422 2340 globos
445 2269 475 2321 et
498 2269 620 2341 agentes
642 2262 781 2322 noctibus
803 2259 931 2323 Arctos?

85 2351 135 2410 cui
157 2348 268 2428 Minyas
293 2368 451 2429 caramque
473 2358 581 2431 ratem,
605 2351 655 2410 cui
677 2350 775 2410 sidera
798 2348 913 2412 tradis?

81 2454 207 2515 carpere
232 2456 351 2498 securas
374 2441 442 2517 quis
465 2441 522 2499 iam
546 2438 630 2500 iubet
654 2438 768 2498 Aesona
792 2436 918 2500 noctes?

83 2526 142 2585 hoc
164 2525 260 2607 labor,
282 2525 339 2586 hoc
362 2527 442 2587 dulci
465 2530 574 2588 totiens
597 2527 732 2588 fraudata
756 2545 862 2606 sopore
1023 2518 1028 2528 ’

84 2612 195 2673 lumina
218 2621 248 2674 et
271 2613 396 2675 admotis
415 2617 539 2676 nimium
561 2635 646 2678 mens
669 2618 755 2677 anxia
779 2614 895 2677 Colchis
1063 2627 1098 2677 50

84 2698 218 2779 proluit?
240 2700 301 2761 heu
323 2711 467 2780 quantum
490 2704 607 2785 Phasis,
631 2714 777 2785 quantum
799 2705 859 2765 Aea
881 2703 1019 2765 recessit!

86 2807 165 2848 nunc
189 2807 320 2870 quoque,
344 2793 369 2848 si
392 2794 476 2850 tenui
498 2802 638 2871 superant
661 2797 691 2852 in
715 2795 841 2869 imagine
865 2811 964 2873 curae,

83 2877 163 2936 adsis
187 2875 292 2936 umbra
299 2923 307 2954 ,
330 2894 450 2957 precor,
474 2883 594 2939 uenturi
615 2883 750 2956 praescia
773 2879 855 2958 caeli,

84 2972 293 3040 rectoremque
317 2971 385 3022 tuae
408 2980 528 3023 moneas
551 2961 643 3023 ratis?
689 2965 762 3024 haec
785 2964 837 3024 ubi
860 2965 947 3044 fatus,

85 3050 148 3110 sola
170 3053 272 3110 uirum
294 3049 419 3110 flammis
442 3050 518 3110 uidit
540 3050 708 3112 labentibus
731 3069 806 3110 ossa.
1062 3063 1099 3114 55

86 3133 178 3216 ‘quod
201 3146 301 3198 tamen
325 3140 466 3198 extremis
489 3156 582 3199 unum
600 3139 731 3199 solamen
753 3141 784 3198 in
808 3140 869 3199 oris
1073 3150 1076 3157 '

86 3221 191 3287 restat'
216 3229 269 3307 ait,
293 3221 389 3286 ‘caras
411 3224 521 3287 humus
539 3226 610 3286 haec
634 3245 693 3287 non
717 3225 830 3286 diuidat
852 3225 973 3288 umbras

86 3333 211 3395 ossaque
235 3334 290 3376 nec
314 3315 429 3376 tumulo
452 3334 508 3375 nec
531 3332 634 3393 separe
659 3322 796 3393 contegat
818 3333 903 3396 urna,

86 3401 138 3462 sed
162 3403 263 3484 simul,
285 3413 319 3465 ut
342 3406 452 3465 iunctis
475 3405 601 3464 uenistis
624 3405 655 3463 in
679 3421 808 3482 aequora
818 3399 919 3486 latis?

85 3488 164 3550 haud
186 3511 282 3573 mora3
306 3493 446 3571 reliquias
470 3494 543 3552 socii
566 3489 731 3571 defletaque
755 3494 882 3554 miscent
1069 3508 1109 3554 so
