2362 3938
147 164 170 227 4
492 157 523 212 C.
542 154 681 211 vanum
698 153 833 211 uincet

147 309 236 372 turba
259 307 383 386 ducum,
405 306 519 385 primae
544 321 597 364 seu
621 321 697 383 quos
720 305 752 364 in
775 303 852 367 llere
876 307 1022 369 inuentae

147 405 362 477 temptamenta
385 402 490 455 tenent
512 393 641 454 necdum
663 392 730 453 data
753 395 842 473 copia
864 411 980 457 rerum

148 485 309 566 atquibus
331 500 474 545 aruorum
498 481 690 559 studiumque
713 483 843 543 insontis
867 486 973 564 aratri,

150 574 207 636 hos
231 573 382 636 stimulant
406 587 571 650 magnaque
594 577 689 631 ratem
711 569 888 648 perlustra
911 573 1040 653 uiasque

150 666 210 725 uisi
232 662 318 724 laude
341 668 453 723 canunt
475 658 632 720 manifesto
654 660 687 719 in
709 658 821 720 lumine
845 658 944 721 Fauni
1112 668 1142 723 nt

151 752 354 828 siluarumque
378 749 450 810 deae
473 755 561 827 atque
585 746 669 809 elatis
683 746 836 807 cornibus
859 747 984 811 Amnes.

243 840 386 900 Protinus
409 835 536 899 inachiis
559 835 638 895 ultro
662 834 837 914 Tiryntths
861 837 952 917 Argis

154 928 285 1009 aduolat,
308 926 433 987 Arcadio
457 928 544 986 cuius
566 923 713 984 llammata
735 941 853 985 ueneno

152 1017 210 1078 tela
233 1034 308 1095 puer
332 1014 492 1091 facilesque
516 1015 628 1073 umeris
651 1011 849 1091 gaudentibus
873 1031 966 1077 arcus

151 1112 248 1183 gestat
270 1102 371 1181 Hylas:
395 1101 470 1161 uelit
492 1101 541 1160 ille
565 1101 699 1181 quidem,
722 1100 775 1161 sed
798 1101 924 1164 dextera
948 1105 1080 1173 nondum
1112 1111 1144 1165 tlt

150 1210 204 1271 par
227 1193 313 1250 oneri
336 1190 497 1267 clauaeque
522 1206 622 1267 capax.
669 1207 744 1268 quos
766 1188 876 1250 talibus
900 1210 1008 1255 amens

149 1279 320 1357 insequitur
343 1278 507 1356 solitosque
531 1285 623 1337 nouat
647 1277 786 1339 Saturnia
808 1287 951 1356 questus:

151 1362 181 1426 ‘o
205 1368 319 1427 utinam
341 1365 446 1427 Graiae
468 1373 573 1426 rueret
596 1384 656 1425 non
679 1383 766 1427 omne
788 1368 932 1428 iuuentae

150 1459 183 1517 in
206 1473 284 1516 noua
307 1454 366 1516 lata
388 1455 495 1536 deouS,
518 1457 672 1534 nostrique
695 1452 880 1533 Eurystheos
904 1456 982 1519 haee
1006 1477 1084 1521 nunc

151 1548 233 1606 iussa
256 1542 366 1607 lorentl
389 1544 515 1605 imbrem
530 1552 560 1605 et
582 1543 721 1603 tenebras
735 1561 922 1623 saeuumqne
936 1547 1096 1611 tridentem
1112 1549 1146 1607 itt

151 1635 211 1695 iarn
233 1637 292 1695 iam
315 1652 370 1713 ego
394 1642 424 1695 et
447 1635 533 1695 inuiti
556 1634 711 1692 torsissem
734 1634 869 1711 coniugis
891 1635 1007 1713 ignem.

150 1741 233 1783 nunc
257 1741 377 1802 quoque
400 1740 456 1783 neo
481 1724 596 1783 socium
618 1729 738 1781 nostrae
762 1719 965 1801 columenque
990 1728 1102 1789 carinae

151 1829 218 1871 esse
242 1810 346 1894 uelim,
368 1810 524 1872 Herculeis
546 1828 602 1871 neo
625 1826 672 1869 me
697 1827 837 1888 umquam
860 1810 956 1872 fidere
981 1813 1029 1876 fas
1052 1817 1088 1877 sit

152 1899 284 1983 auxiliis,
307 1901 409 1961 comiti
434 1909 463 1959 et
486 1907 602 1959 tantum
624 1897 735 1959 debere
758 1893 908 1979 superbo!

242 1988 322 2049 Dixit
344 1995 375 2048 et
396 1986 573 2049 Haemonias
596 1988 698 2047 oculos
721 1987 881 2066 detorquet
904 1989 943 2049 ad
965 1991 1072 2055 undas.
1114 1995 1147 2049 til

151 2079 271 2139 feruere
295 2084 402 2137 cuncta
425 2078 526 2137 turum
549 2081 649 2157 coetu,
672 2077 761 2137 simul
783 2076 917 2155 undique
943 2083 1047 2145 cernit

152 2165 283 2226 delatum
306 2182 412 2227 nemus
435 2172 466 2225 et
489 2164 575 2224 docta
597 2181 738 2224 resonare
761 2164 883 2245 bipenni

150 2252 252 2333 litora3
275 2255 333 2314 iam
355 2254 445 2333 pinus
468 2252 571 2332 gracili
593 2251 758 2314 dissoluere
781 2253 877 2314 lamna

150 2338 339 2419 Thespiaden
361 2342 503 2420 iungique
527 2341 603 2401 latus
626 2339 767 2420 lentoque
787 2359 931 2421 sequaces

149 2427 259 2487 molliri
282 2429 365 2489 uidet
387 2431 455 2506 igne
479 2429 592 2509 trabes,
616 2432 765 2509 remisque
787 2433 900 2510 paratis
1115 2436 1151 2493 nt

148 2514 265 2574 Pallada
288 2516 413 2575 uelilere
439 2525 633 2594 quaerentem
655 2517 776 2578 brachia
798 2519 883 2579 malo.

149 2605 285 2663 constitit
308 2611 353 2684 ut,
376 2603 464 2681 longo
487 2603 581 2664 moles
604 2623 665 2665 non
688 2610 793 2686 peruia
815 2615 917 2688 ponto,

149 2693 258 2770 puppis
283 2699 312 2751 et
334 2700 368 2751 ut
390 2699 496 2752 tenues
520 2691 785 2757 subiere'latentia
807 2715 893 2758 cerae

149 2780 273 2861 himma,
296 2781 429 2859 picturae
453 2782 553 2841 uarios
572 2783 746 2862 superaddit
768 2785 906 2846 honores

148 2867 198 2929 hic
223 2877 339 2949 sperata
358 2868 409 2929 diu
432 2868 579 2948 Tyrrheni
596 2877 716 2952 tergore
738 2876 829 2953 piscis
1112 2880 1154 2934 tal

149 2957 254 3031 Peleos
273 2961 304 3018 in
327 2957 471 3019 thalamos
494 2958 616 3022 uehitur
639 2960 756 3043 Thetis3
779 2979 908 3043 aequora
931 2960 1055 3043 delphin

68 3111 71 3115 ,
150 3049 287 3129 corripit,
311 3049 375 3126 ipsa
399 3048 483 3110 sedet
505 3048 620 3111 deiecta
642 3053 674 3112 in
696 3050 807 3112 lumina
830 3050 905 3131 palla

147 3149 204 3193 nec
228 3134 298 3196 lone
322 3139 465 3197 maiorem
488 3141 570 3198 nasci
592 3141 723 3218 suspirat
745 3138 886 3200 Achillen.

146 3217 224 3281 hanc
247 3222 366 3303 Panope
390 3225 525 3304 Dotoque
549 3243 635 3286 soror
658 3226 822 3305 laetataque
845 3224 938 3284 iluctu

145 3311 340 3386 prosequitur
361 3314 465 3375 nitidis
487 3315 599 3393 pariter
623 3312 740 3374 Galatea
762 3312 890 3391 lacertis,
1111 3319 1156 3375 135

145 3399 230 3451 antra
252 3405 372 3479 petens;
396 3400 496 3463 Siculo
520 3408 643 3462 reuocat
664 3400 701 3461 de
723 3400 810 3461 litore
833 3397 968 3478 Cyclops.

145 3487 249 3540 contra
271 3483 350 3559 ignis
371 3489 522 3572 uiridique
546 3497 630 3551 torus
653 3487 691 3548 de
714 3486 819 3549 fronde
843 3488 993 3567 dapesque
