2362 3938
411 210 531 267 carus
550 210 776 267 1111111111.
1053 210 1096 281 21

80 397 120 440 ex
143 375 293 439 aetatula
311 373 378 438 iam
396 371 521 437 recenti
544 372 584 437 ad
606 373 687 439 haec
710 373 791 439 mihi
810 374 988 440 studiosius
1006 394 1098 458 prae·

78 461 213 548 paravi?
258 461 351 527 Haeo
374 481 501 546 quoque
523 461 685 544 professio
707 461 896 546 Philippum
918 462 1009 527 iuvat
1031 462 1099 527 lau·

80 553 261 635 datumque
292 549 391 615 studii
418 549 522 614 filium
549 549 644 615 facile
672 549 824 634 dimittit,
853 572 927 616 cum
956 551 1098 636 primurn

78 641 144 705 sibi
163 639 280 704 deduci
300 638 342 703 ad
355 638 488 722 navigia
506 658 619 705 currus
639 642 673 703 et
691 660 783 705 arma
796 639 956 705 iussisset.
992 639 1098 724 Igitur

78 750 213 795 escensa
231 727 311 792 nari
325 726 561 811 comitatusque
576 727 818 811 Hephaestione
832 727 937 794 amico
956 727 1138 793 secundas·

79 816 257 883 admodum
279 817 476 899 tempestate
498 814 588 879 Elim
611 816 797 900 adpellitur.
991 874 994 881 .

171 903 231 970 ll.
266 903 337 981 Quo
367 903 403 967 in
431 904 504 969 loco
535 925 608 968 cum
638 923 794 989 equorum
825 926 936 970 curam
964 902 1097 970 famulis
1114 906 1142 960 2·

77 993 303 1059 mandavisset
333 994 430 1075 atque
460 992 530 1075 ipse
557 993 663 1057 visum
691 994 763 1059 loca
790 993 1097 1079 deambulatumque

77 1083 285 1167 procederet,
315 1081 429 1145 obviat
453 1079 538 1145 forte
563 1079 702 1147 Nicolao
728 1082 870 1166 cuidam,
900 1082 1097 1148 adolescenti

76 1172 194 1255 regulo
215 1191 254 1234 ex
272 1168 464 1233 Acarnania.
502 1167 627 1234 Celsius
647 1169 775 1255 quidem
793 1171 853 1237 illo
872 1175 906 1236 et
924 1171 1096 1237 sublimius
1110 1183 1140 1240 11.

77 1281 112 1324 se
132 1259 269 1341 ferente,
292 1257 412 1342 quippe
436 1257 492 1341 qui
515 1258 638 1341 duplici
661 1279 763 1342 eoque
785 1259 947 1344 perflabili
964 1260 1099 1325 deorum

78 1347 280 1413 adminiculo
298 1346 473 1430 levaretur,
492 1346 659 1430 opulentia
678 1346 801 1413 scilicet
814 1349 865 1414 rel
883 1347 1025 1432 fortuna,
1041 1347 1098 1412 ha-

77 1437 180 1502 bebat
202 1438 315 1500 tamen
337 1433 496 1500 Nicolaus
518 1435 599 1520 ipse,
625 1437 710 1521 quod
734 1437 797 1501 sibi
820 1437 859 1503 do
883 1437 950 1502 suis
974 1436 1098 1502 viribus

78 1525 302 1609 polliceretur.
346 1521 572 1588 Nihilominus
600 1525 772 1590 salutando
796 1525 982 1590 Alexandro
1005 1545 1097 1608 prae-

78 1614 168 1678 stitit
188 1633 223 1677 se
241 1613 394 1695 priorem,
412 1613 560 1677 nesciens
579 1614 678 1678 etiam
695 1616 775 1679 tunc
792 1613 859 1678 itus
878 1613 965 1678 illius
982 1632 1098 1676 causas
1112 1624 1139 1666 1⁵

78 1712 113 1767 et
140 1700 327 1766 certaminis
356 1700 511 1767 studium.
555 1700 631 1765 Fuit
657 1707 767 1767 tamen
794 1723 862 1765 non
889 1701 959 1765 sine
987 1704 1100 1765 contu-

78 1791 181 1855 melia
195 1787 366 1868 salutati03
385 1809 464 1853 nam
478 1792 511 1853 et
524 1787 651 1873 ‘Have’
666 1790 782 1875 inquit,
801 1788 833 1854 ‘o
847 1788 949 1874 puer’‚
967 1811 1027 1854 nec
1041 1788 1098 1854 ille

77 1901 146 1945 non
162 1878 274 1943 sedulo
288 1876 456 1942 resalutat
482 1877 572 1944 Tunc
586 1878 726 1943 secundo
740 1877 772 1945 N
773 1878 895 1944 icolaus
910 1876 967 1942 ‘ht
981 1875 1099 1963 quem,'

77 1968 197 2051 inquit,
216 1965 389 2030 ‘arbitrare
407 1969 440 2030 te
458 1969 527 2031 tam
546 1967 741 2033 incuriosius
756 1965 938 2032 salutasse?
970 1965 1097 2050 Quippe

78 2077 141 2141 ego
161 2053 321 2120 Nicolaus
340 2052 396 2119 ille
416 2076 489 2120 sum
507 2077 564 2121 rex
582 2054 811 2122 Acarnanum?
846 2053 1032 2120 Alexander
1048 2075 1097 2121 re·
1111 2068 1139 2111 2⁰

78 2145 158 2209 fert:
189 2142 310 2208 ‘Istam
333 2141 560 2228 adrogantiam
587 2166 655 2209 non
680 2144 794 2228 probo.
840 2143 925 2222 Quid
952 2144 1038 2210 enim
1064 2146 1100 2209 te

78 2233 210 2298 iuvabit
244 2229 374 2315 imperii
404 2253 489 2296 vana
521 2233 655 2298 iactatio
688 2233 728 2298 de
763 2233 910 2299 secundis
947 2232 1099 2299 crastinis

78 2319 316 2386 fluctuantem?
361 2318 438 2385 Non
467 2321 553 2385 enim
576 2321 680 2400 vides,
706 2325 745 2386 ut
773 2325 861 2387 stare
885 2322 1018 2388 fortuna
1039 2321 1101 2387 ho·

79 2411 206 2474 minum
230 2407 370 2492 neseiat,
397 2411 497 2492 utque
525 2410 560 2474 in
584 2410 636 2474 his
659 2409 810 2496 fragilior
832 2411 1004 2490 habeatur,
1032 2410 1100 2495 qui·

79 2519 220 2583 cumque
243 2497 302 2561 illa
321 2497 380 2562 dea
399 2497 552 2563 victitant
574 2498 788 2564 nixabundi‘?'
834 2498 885 2563 Ad
904 2499 984 2565 haec
1001 2496 1098 2565 Nico·
1112 2509 1140 2553 2⁶

78 2589 168 2653 laus:
191 2585 294 2650 ‘Haec
313 2583 464 2669 quidem‚'
488 2587 603 2671 inquit,
626 2585 705 2652 ‘non
727 2587 910 2672 invenusta
934 2587 1098 2653 enimuero

79 2676 181 2741 velim
210 2676 308 2752 scire,
336 2695 393 2739 cur
420 2674 522 2760 adsis3
548 2697 626 2741 nam
653 2680 687 2740 te
710 2675 856 2760 Philippi
877 2675 983 2741 filium
1009 2675 1099 2741 fama

81 2764 275 2848 praelocuta
298 2761 368 2828 est'
414 2761 550 2828 Fatetur
573 2763 757 2831 Alexander
780 2768 813 2830 et
836 2786 908 2830 sese
932 2765 974 2830 ad
996 2767 1097 2829 certa·

173 2944 187 2991 1
214 2952 249 2990 ex
271 2936 364 2991 tatula
386 2936 418 2991 P.
448 2954 483 2992 ex
505 2937 597 2992 tutela
619 2937 655 2992 A.
728 2943 744 2991 3
765 2937 890 2993 studium
911 2936 964 2992 filii
988 2935 1023 2990 P.
1056 2933 1098 2989 di·

79 3008 171 3063 mittit
189 3007 291 3062 Ebert.
318 3007 459 3077 permittit
477 3008 551 3063 ΑΡ.
643 3013 793 3064 1111111111
816 3009 890 3064 Mat.
919 3021 1039 3063 exsensa
1061 3006 1098 3059 A.

80 3082 193 3135 excelsa
211 3078 245 3133 P.
278 3077 443 3134 Hefestione
461 3079 498 3134 A.
524 3079 644 3134 lectione
665 3078 699 3134 P.

171 3150 222 3206 11.
241 3153 257 3202 8
276 3149 336 3219 ipse
354 3151 462 3219 scripsi.
490 3148 580 3275 ipsius
598 3151 634 3205 A.
642 3150 677 3205 P.
704 3150 782 3219 ipsus
800 3148 939 3203 MatMr.
1000 3150 1098 3229 Ι1111-

79 3222 147 3291 gulo
172 3220 309 3276 MatMr.
338 3220 431 3290 reguli
453 3219 488 3275 A.
523 3260 530 3274 .
614 3226 646 3275 13
665 3220 753 3289 ipsius
775 3220 852 3288 quod
875 3220 904 3273 et
926 3217 961 3271 de
984 3215 1040 3271 sibi
1062 3216 1098 3271 da

80 3293 137 3346 suis
157 3292 191 3346 P.
232 3296 265 3345 15
286 3291 413 3347 nesciens
431 3293 531 3360 scripsi
549 3309 610 3346 cam
631 3293 721 3346 Moto.
749 3288 860 3344 nescius
873 3288 948 3343 AP.
984 3287 1043 3342 itus
1060 3287 1097 3341 A.
1162 3324 1165 3327 -

79 3364 122 3420 ius
141 3364 178 3418 P.
212 3378 312 3417 causas
332 3364 367 3418 A.
394 3379 476 3417 cause
496 3362 528 3416 P.
576 3368 609 3417 1s
628 3363 725 3416 tamon
742 3376 793 3415 om.
812 3359 846 3414 P.
892 3364 926 3413 18
944 3374 1001 3413 nou
1021 3357 1097 3414 121².

78 3451 129 3490 cm.
147 3435 185 3489 A.
235 3439 268 3487 19
287 3433 422 3487 arbitrere
441 3432 476 3488 A.
509 3436 568 3487 tam
586 3431 622 3486 A.
630 3432 665 3487 P.
691 3431 748 3484 iam
766 3430 867 3485 noca.
892 3432 990 3484 tamen
1008 3428 1099 3486 ourio-

79 3506 135 3562 sius
156 3505 190 3560 Τ.
306 3507 340 3558 25
359 3503 411 3558 illa
433 3504 486 3558 dea
509 3501 665 3558 Malene.
692 3501 743 3556 illa
766 3501 800 3557 de
823 3517 859 3556 ea
880 3501 914 3556 P.
941 3499 986 3556 illi
1008 3517 1044 3556 ea
1061 3500 1097 3557 A.

78 3573 243 3634 nexabundi
261 3575 298 3629 A.
371 3580 406 3629 26
424 3573 575 3629 invenusta
595 3572 625 3628 Τ.
697 3575 859 3629 18111111
878 3572 911 3629 P.
939 3589 1000 3629 sese
1017 3574 1053 3628 A.
