2362 3938
135 190 179 256 80
470 184 500 242 c.
519 180 806 240 vannuxrmccx

131 338 225 398 fidere
250 353 335 397 mens
358 334 411 395 sed
435 342 537 393 nostra
560 333 676 412 nequit,
694 338 904 410 quantumque
928 335 1108 412 propinquat

132 425 237 486 Phasis
252 432 282 486 et
304 423 362 484 illc'
377 440 503 502 operum
517 437 652 482 summus
669 418 762 501 labor,
783 418 842 480 hoo
856 422 952 499 magis
965 429 1080 500 angunt
1101 431 1144 482 555

131 514 281 595 proxima,
305 530 362 572 nec
385 518 470 572 uates
494 516 538 571 sat
560 511 620 570 iam
642 507 715 569 milri
736 507 859 588 Mopsus
883 515 914 568 et
938 504 1064 570 ldmon’

130 602 180 662 ille
204 601 311 662 ducem
334 617 391 661 nec
413 599 494 659 ferre
516 615 622 679 preces
645 615 701 658 nec
724 595 825 657 dicere
846 612 955 678 passus

46 746 50 751 .
133 689 273 770 amplius,
296 688 345 749 hic
368 687 489 747 demum
511 689 603 747 uittas
625 685 802 764 laurumque
827 688 957 766 capessit

132 781 254 838 numina
277 784 347 836 nota
370 777 461 836 ciens.
488 782 609 854 'stupet
631 773 756 834 Aesonis
779 772 881 834 inclita
903 774 1006 854 proles

132 866 246 927 Phinea
269 883 325 926 ceu
349 882 511 942 numquam
533 864 638 942 poenis
661 860 802 941 nullaque
824 869 983 940 grauatum
1102 874 1147 924 550

132 962 218 1034 peste
242 952 335 1014 louis:
359 960 419 1012 tam
442 952 543 1032 largus
565 951 673 1032 honos,
697 957 758 1011 tam
780 951 855 1011 mira
879 959 1019 1012 senectae

133 1045 272 1102 maiestas
295 1041 405 1119 inlusa3
428 1042 515 1120 uigor
538 1057 636 1101 nouus
659 1046 781 1099 auxerat
803 1046 895 1100 artus.

133 1139 197 1190 tum
220 1130 311 1189 canit:
335 1124 364 1187 ‘o
388 1136 484 1188 terras
507 1130 583 1188 lama
605 1134 733 1188 uenture
756 1145 812 1206 per
834 1145 949 1208 omues,

134 1235 224 1296 quem
247 1217 336 1276 sociis
358 1215 545 1295 ducibusque
569 1215 634 1276 deis
657 1215 752 1295 adque
776 1223 839 1275 arte
863 1215 993 1295 benigna

135 1302 269 1364 Pallados
293 1305 357 1381 ipse
380 1303 460 1364 ultro
483 1303 579 1364 Pelias
602 1303 639 1363 ad
663 1303 760 1364 sidera
783 1302 869 1384 tollit,
1100 1316 1147 1366 555

133 1392 269 1472 demens,
292 1390 363 1452 dnm
385 1392 505 1471 profugi
527 1410 588 1452 non
611 1403 712 1471 sperat
734 1391 846 1452 uellera
869 1391 983 1474 Phrixi,

133 1483 193 1542 lata
216 1481 357 1560 locosque
380 1480 448 1562 tibi,
470 1498 594 1561 possum
618 1499 691 1560 quas
714 1479 841 1541 reddere
864 1487 974 1563 grates,

135 1568 289 1650 expediam
311 1588 473 1649 rerumque
496 1571 560 1630 nias
583 1570 733 1648 finemque
756 1566 879 1630 docebo.
919 1616 922 1621 .

134 1662 198 1738 ipse
223 1660 327 1739 etiam,
349 1661 402 1738 qui
424 1677 472 1718 me
495 1657 635 1737 prohihet
657 1675 710 1717 sua
732 1657 874 1736 pandere.
886 1661 979 1719 terris

136 1747 267 1828 saecula,
290 1755 321 1806 te
343 1753 469 1825 propter
491 1745 572 1806 sandi
595 1746 668 1806 milri
691 1744 826 1825 luppiter
848 1754 962 1808 auctor.
1103 1758 1153 1808 500

134 1834 204 1894 hinc
227 1837 286 1894 iter
308 1834 345 1894 ad
369 1835 456 1895 Ponti
478 1842 568 1914 caput
590 1841 784 1912 errantesque
807 1852 862 1914 per
885 1834 993 1896 altum·

134 1921 274 2002 Cyaneas.
321 1924 405 1983 furor
427 1923 474 1982 his
496 1923 594 1984 medio
617 1941 799 1983 concurrere
821 1931 924 2004 ponto,

135 2010 263 2072 necdum
285 2011 361 2071 ullas
383 2009 487 2071 uidere
510 2018 603 2073 rates:
627 2029 680 2072 sua
703 2013 870 2071 comminus
893 2018 978 2072 actae

136 2119 204 2161 saxa
227 2106 368 2179 premunt
391 2106 552 2179 cautesque
576 2118 653 2161 suas.
700 2101 797 2181 qnasi,
820 2100 941 2161 uincula
963 2101 1070 2163 mundi

136 2207 205 2249 cum
215 2191 272 2248 ima
281 2186 390 2268 labant,
399 2195 528 2248 tremere
539 2207 609 2249 ecce
620 2188 725 2268 solum,
738 2194 867 2248 tremere
877 2191 942 2268 ipsa
952 2197 1080 2270 repente
1103 2200 1155 2251 555

119 2281 215 2337 ’15515
239 2275 337 2337 uides:
360 2275 426 2337 illae
450 2274 592 2357 redeunt,
613 2275 679 2337 illae
701 2294 830 2356 aequora
852 2284 986 2338 uertunt.

138 2364 168 2424 di
192 2363 246 2424 tihi
268 2382 428 2443 progresso
450 2367 588 2446 propius,
611 2364 641 2424 di
664 2365 790 2424 forsitan
813 2367 870 2445 ipsi

136 2452 278 2512 auxilinm
300 2459 489 2530 mentemque
514 2452 634 2514 dabunt.
677 2460 723 2512 ast
745 2454 809 2532 ipse
831 2455 937 2515 inuare

137 2557 208 2600 ansa
231 2538 340 2618 quibus
363 2542 483 2600 monitis
505 2544 618 2619 possim
640 2537 713 2602 tua?
732 2543 841 2620 quippe
864 2559 920 2622 per
943 2541 1036 2604 altum

136 2626 272 2707 tenditis,
295 2625 374 2687 unde
397 2626 623 2709 prominenti,
645 2629 751 2708 procul
775 2630 854 2690 unde
876 2628 1027 2692 uolucres.
1105 2644 1157 2696 ato

136 2723 167 2776 et
188 2723 274 2794 pater
296 2717 360 2794 ipse
384 2717 474 2775 maris
496 2715 619 2794 pauidas
643 2716 802 2797 detorquet
823 2717 964 2781 habenas.

137 2806 221 2884 siqua
244 2803 346 2864 breuis
369 2803 499 2883 scopulis
522 2805 576 2865 liet
598 2824 694 2887 mora,
718 2807 744 2866 si
767 2805 858 2866 semel
881 2810 959 2868 orsis

136 2893 196 2955 ulla
219 2895 317 2973 quies,
341 2893 409 2972 iuga
432 2901 503 2954 tnnc
527 2894 624 2955 medio
647 2895 833 2975 properanda
856 2912 992 2957 recursu.

136 2985 189 3043 uix
211 2989 351 3060 repetunt
373 2984 486 3060 primae
510 2983 623 3044 celeres
646 2984 772 3045 confinia
794 2992 902 3047 terrae.

137 3073 255 3149 iamque
279 3071 335 3131 5110
359 3071 487 3132 clamore
510 3079 614 3153 ruout,
637 3074 793 3152 omnisque
817 3079 938 3134 tenetur
1104 3087 1156 3137 575

137 3167 247 3238 pontus
271 3167 301 3218 et
323 3161 440 3219 infestis
463 3179 571 3242 anceps
595 3179 664 3222 cum
687 3161 839 3223 montibus
861 3169 950 3224 errat.

137 3265 245 3308 uerum
268 3249 364 3307 animo
388 3246 466 3308 redit
488 3249 536 3308 illa
559 3267 626 3310 meo
649 3267 715 3310 sors
739 3253 856 3330 cognita
878 3251 983 3312 diuum

138 3327 238 3415 (fabor
262 3337 341 3394 enim
364 3354 419 3395 nec
444 3354 495 3414 spe
519 3336 624 3397 dubios
648 3336 766 3398 solabor
788 3332 898 3418 inani):

138 3438 207 3480 cum
230 3420 303 3481 mihi
325 3422 481 3484 Tartareas
504 3440 593 3484 saeuo
617 3425 753 3504 clangore
777 3423 916 3485 uolucres

137 3507 263 3588 protulit
285 3511 329 3569 ira
351 3511 454 3591 lonis,-
468 3529 525 3570 uox
549 3512 621 3571 haec
646 3512 732 3571 simul
756 3508 864 3570 excidit
887 3516 981 3575 auris:
1101 3530 1154 3580 580
