2362 3938
411 185 530 241 ORTUS
549 185 771 244 ALEXANDRI.

243 345 336 399 Unum
354 361 457 414 repone
476 362 620 400 numerum
641 347 670 401 et
689 349 801 402 centum
821 347 921 402 dehinc

244 415 392 484 Unumque
410 418 475 486 post
493 416 534 483 id,
556 420 624 472 tnnc
643 420 741 487 quater
759 417 862 487 viginti
880 417 938 474 sint

242 485 400 555 Decemque
418 486 532 556 iuxtim,
552 505 640 558 eaque
659 488 697 544 sit
714 487 881 557 novissima,

152 579 162 585 -<
244 556 321 621 Quae
339 559 431 627 prima
449 559 504 612 fixa
522 563 577 614 est:
596 559 680 627 idque
700 559 738 614 sit
754 575 857 615 nomen
875 558 953 614 mihi.
1109 576 1123 615 4

169 663 231 733 32.
256 664 328 730 Hoc
350 667 451 750 igitur
474 667 605 732 oraculo
630 689 687 752 per
709 668 852 751 quietem
870 667 1002 733 doctum
1020 668 1095 733 Alc·
1114 679 1150 730 35

78 754 241 819 xandrum
268 754 346 819 deus
373 757 407 818 in
435 777 549 820 somno
574 756 755 840 dereliquit.
799 757 845 821 At
868 757 924 820 ille
952 757 1097 841 expergi-

79 845 183 908 scitur
201 843 396 927 recoltisque
416 845 522 908 verbis
542 865 579 908 ac
597 845 773 909 memoriae
792 845 991 910 confirmatis
1009 845 1096 909 hunc

79 931 211 996 demum
242 953 328 1016 esse,
357 953 454 1016 quem
484 933 625 1016 quaerit,
656 933 778 998 scilicet
806 931 956 1018 Sarapim
985 933 1097 998 mundi

78 1023 183 1085 totius
214 1020 381 1085 dominum
411 1023 633 1105 rectoremque
664 1022 842 1087 confirmat.
894 1021 963 1086 Ara
996 1022 1097 1107 igitur

78 1110 130 1173 vel
154 1108 298 1172 maxima
321 1110 463 1174 maximo
488 1130 584 1193 opere
607 1109 755 1174 laborata
777 1111 971 1196 largioribus
995 1111 1096 1176 sacris
1110 1130 1136 1170 ro

79 1202 147 1261 tam
172 1197 389 1262 animantium
413 1201 519 1262 stratu
539 1219 636 1281 qnam
660 1198 795 1263 odorum
814 1200 1002 1288 profusione
1027 1221 1096 1264 mu-

79 1287 197 1351 nificus
221 1287 371 1351 convivia
395 1288 494 1350 etiam
518 1286 705 1370 exsequitur
727 1286 846 1351 ibidem
867 1311 964 1372 quam
988 1289 1095 1353 laetis-

80 1376 172 1439 sima.
219 1374 311 1439 Tunc
334 1374 541 1438 Parmenioni
570 1375 746 1440 architecto
776 1376 947 1441 laborandi
971 1377 1096 1443 scilicet

81 1463 257 1527 simulacra
280 1485 357 1528 cura
378 1465 562 1547 mandatur,
584 1468 621 1527 ut
644 1485 685 1527 ne
708 1464 774 1529 illis
794 1463 931 1530 Homeri
949 1465 1096 1530 versibus

81 1552 273 1633 demutaret,
296 1553 352 1635 qui
376 1553 421 1616 sic
444 1552 636 1634 loquuntur:
1110 1571 1135 1613 1⁵

243 1671 362 1726 Caerula
380 1673 446 1725 tunc
465 1670 508 1725 illi
527 1670 674 1727 Saturnius
694 1671 794 1727 adnuit
813 1688 889 1739 arce,

241 1742 335 1797 Aurea
354 1742 493 1797 caesaries
513 1759 596 1811 quem
615 1744 709 1812 signat
726 1741 851 1797 motibus
870 1740 961 1795 almis.

81 1851 125 1917 Et
144 1851 342 1916 Parmenion
361 1851 491 1935 quidem
515 1852 603 1916 iussa
621 1852 771 1935 complet,
794 1851 863 1934 ipse
883 1871 1009 1934 quoque
1028 1873 1096 1915 non

81 1941 261 2006 inhonorus
291 1941 354 2005 hoc
382 1940 502 2005 labore.
547 1938 673 2024 Quippe
701 1939 859 2023 templum
888 1939 987 2002 etiarn
1011 1960 1096 2003 nunc

82 2027 244 2113 Serapion
262 2028 485 2093 Parmenionis
510 2029 701 2113 appellatur.
743 2027 919 2092 Enimvero
938 2026 1094 2093 hactenus
1110 2049 1136 2088 ro

82 2119 142 2181 tibi
166 2140 264 2200 super
288 2117 430 2182 civitatis
453 2117 542 2180 illius
567 2117 700 2181 conditu
724 2116 847 2181 dietum
869 2115 1015 2180 habebis.

171 2204 231 2270 33.
248 2205 431 2270 Alexander
442 2227 537 2288 porro
551 2210 663 2270 coacto
677 2206 765 2270 omni
779 2205 921 2270 exercitu
935 2205 1019 2269 exim
1042 2209 1150 2266 XXXll

84 2295 121 2357 ad
146 2294 291 2379 Aegypti
315 2294 472 2359 ulteriora
496 2294 662 2358 contendit
685 2293 783 2358 classi
804 2295 893 2359 iussa
917 2315 986 2358 sese
1010 2294 1095 2377 apud
1115 2293 1150 2347 36

84 2381 242 2467 Tripolim
266 2384 415 2467 opperiri.
458 2381 520 2447 Sed
544 2381 576 2446 id
599 2381 661 2446 iter
683 2383 781 2468 longe
805 2383 1096 2449 laboriosissimum

172 2559 274 2626 2poet
291 2556 320 2610 id
340 2556 411 2610 Mai.
440 2557 505 2626 post
522 2555 586 2609 idns
606 2556 641 2611 A.

170 2627 220 2683 32.
245 2627 309 2682 tin
327 2643 424 2682 somno
444 2633 471 2678 τ.
500 2643 564 2681 oum
583 2642 680 2681 somno
699 2629 736 2684 A.
773 2627 976 2698 expergiscitur
994 2634 1021 2682 Τ.
1051 2644 1096 2682 ex-

84 2699 210 2769 pergitus
229 2701 264 2753 A.
361 2697 506 2765 8quaerit
525 2704 552 2751 Τ.
581 2700 728 2766 quaereret
745 2697 781 2752 A.
875 2704 908 2753 10
926 2698 1049 2752 maxima
1068 2705 1096 2751 τ.

84 2786 132 2825 om.
153 2771 189 2823 A.
234 2775 265 2823 11
286 2770 405 2823 stratum
424 2775 451 2823 Τ.
496 2774 528 2823 13
547 2768 807 2826 artic...arcitecto
826 2776 853 2824 Τ.
892 2774 926 2824 14
944 2768 1002 2825 illis
1022 2769 1095 2824 Mai.

85 2840 126 2893 illi
141 2840 211 2895 uA.
252 2846 284 2893 15
304 2839 352 2908 qui
370 2838 411 2894 sic
430 2840 561 2894 locuntur
576 2846 602 2894 Τ.
623 2840 706 2909 quasi
724 2841 871 2895 elocuntur
884 2842 920 2896 A.
959 2846 991 2895 lc
1010 2839 1055 2893 illi
1068 2846 1096 2895 τ.

84 2910 121 2992 oli
139 2912 175 2966 A.
210 2910 338 2993 caerulea
357 2910 423 2964 huic
442 2910 516 2991 oculi
536 2909 631 2981 Geyer.
675 2917 707 2994 1?
727 2927 811 2979 quem
832 2910 927 2993 Geyer.
953 2928 1007 2980 que
1027 2909 1096 2964 M.

82 2982 805 3132 lund·runterentrudis.l:
824 2980 1096 3109 utitmllltl:

83 3123 143 3179 ditu
162 3131 189 3178 Τ.
220 3125 364 3178 conditum
382 3125 418 3179 A.

169 3195 220 3249 33.
253 3194 317 3249 Hoc
339 3196 428 3263 capite
450 3195 549 3248 iterum
571 3195 672 3264 incipit
696 3192 760 3249 Ood.
785 3192 817 3248 P.
823 3232 831 3259 ,
854 3193 960 3259 inquo
983 3189 1097 3244 initium

82 3268 184 3334 capitia
202 3268 245 3319 ita
264 3267 376 3332 lepitur:
399 3264 559 3319 Alexander
576 3263 642 3319 inde
662 3264 804 3334 digressus
827 3261 864 3315 ad
881 3259 1005 3329 Aegypti
1024 3258 1096 3314 ulte·
1129 3333 1131 3339 Α

82 3337 155 3391 riora
180 3335 333 3390 contendit.
376 3336 414 3388 Et
438 3353 499 3389 cum
524 3335 679 3405 Memphim
703 3334 838 3399 venisset,
862 3331 1007 3384 inductum
1033 3347 1097 3385 cum

80 3406 107 3460 in
127 3408 228 3461 aedem
246 3405 442 3475 templumque
461 3405 580 3460 Vulcani
600 3408 723 3461 statuam
742 3403 884 3484 quandam
901 3402 983 3469 nigro
1002 3400 1097 3472 lapide
1147 3456 1150 3479 Ι

81 3477 206 3533 intuetur
226 3493 288 3531 cum
312 3478 363 3532 illa
388 3493 471 3546 super
490 3477 655 3531 Nectanabo
678 3473 874 3544 inscriptione,
897 3472 1098 3542 imperatorem
1138 3472 1145 3515 '-

81 3549 191 3605 scilicet
210 3555 257 3604 etc.
279 3579 311 3588 —
331 3554 366 3602 24
384 3547 414 3601 id
432 3546 517 3602 itiner
535 3555 562 3602 Τ.
591 3547 645 3601 iter
663 3547 699 3601 A.
