2362 3938
324 216 618 275 ARGONAUTIOON
635 219 747 275 LIBER
764 221 811 276 111.
1029 221 1073 287 53

53 366 170 428 natales
193 384 319 446 rapuere
344 367 461 449 domos,
483 367 662 446 Triuiaeque
685 370 815 447 potentis

54 454 167 516 occidit
189 472 296 516 arcana
318 457 454 536 genetrix
477 454 631 535 absumpta
654 458 772 536 sagitta:

55 554 100 625 tu,
124 542 200 605 mihi
223 545 275 622 qui
299 547 429 605 coniunx
451 547 563 624 pariter
581 545 734 623 fraterque
756 563 924 624 parensque

55 633 137 694 solus
160 640 192 693 et
215 650 232 692 a
254 634 350 712 prima
371 633 472 693 fueras
495 650 565 712 spes
586 651 646 695 una
668 635 799 715 iuuenta,

55 722 172 782 deseris
194 720 268 801 heu,
290 729 442 800 totamque
466 721 541 782 dens
564 720 652 782 simul
674 721 782 801 inpulit
805 721 924 782 urbemi
1021 735 1073 783 325

55 819 101 870 ast
124 828 181 888 ego
204 827 266 869 non
288 810 437 871 mediate
461 809 577 891 saltem,
601 808 719 891 Cyzico,
742 810 805 870 uidi

56 898 230 959 tendentem
253 898 326 959 mihi
349 907 445 959 morte
468 891 578 959 manus'
597 906 648 959 aut
671 899 730 959 ulla
752 901 901 959 monentis

55 987 150 1047 uerba
173 985 243 1067 tuli3
266 989 339 1064 quin
362 995 392 1047 ct
415 986 550 1048 thalamis
574 987 662 1047 modo
686 997 789 1066 questa
813 989 932 1069 morari,

54 1075 115 1136 heu
138 1073 230 1135 talem
252 1076 386 1154 tantique
409 1083 508 1136 metus
531 1093 637 1135 secura
660 1071 781 1154 recepi?

54 1161 136 1223 illam
158 1165 211 1223 uix
234 1165 353 1242 gemino
376 1181 513 1224 maerens
537 1182 605 1224 cum
629 1162 750 1224 Castore
773 1163 878 1224 Pollux
1022 1176 1076 1225 330

55 1253 145 1330 erigit
167 1250 343 1312 haerentem
365 1270 585 1331 conpressaque
609 1251 684 1312 colla
706 1251 882 1313 trahentem.

99 1338 220 1400 Interea
242 1342 414 1401 innumeras
437 1340 557 1401 nudatis
579 1340 731 1401 montibus
749 1349 858 1419 urgent

55 1429 194 1489 certatim
219 1427 420 1507 decorantque
443 1447 531 1508 pyras
555 1437 585 1489 et
608 1446 734 1508 corpora
756 1433 861 1489 maesti

56 1535 173 1578 summa
196 1516 308 1598 locant3
333 1517 415 1577 uadit
438 1519 558 1597 sonipes
582 1520 701 1578 ceruice
724 1520 849 1577 remissa

55 1606 194 1666 uenatrix
218 1623 274 1665 nec
297 1605 386 1666 turba
409 1623 516 1666 canum
539 1606 728 1684 pecudesque
751 1613 906 1665 morantur
1023 1617 1074 1666 335

56 1695 216 1755 funereae:
239 1693 299 1755 fert
322 1696 431 1772 cuique
454 1711 573 1775 mantis,
596 1713 671 1774 quae
696 1713 767 1754 cura
791 1712 924 1774 suorum,

56 1799 132 1860 quae
156 1781 278 1842 fortuna
301 1782 366 1843 fuit.
412 1783 510 1843 medio
533 1800 587 1842 rer
610 1801 716 1861 aggere
739 1782 826 1861 longe

56 1871 182 1951 eminet3
205 1869 286 1930 hunc
310 1869 426 1931 crebris
449 1873 585 1949 quatiens
609 1869 788 1950 singultibus
811 1888 863 1930 ora

57 1956 176 2018 adleuat
198 1958 362 2018 Aesonides
386 1957 526 2038 celsoque
549 1962 668 2038 reponit
690 1961 722 2019 in
745 1967 836 2020 ostro.

58 2046 109 2106 dat
131 2047 227 2126 pictas
250 2065 323 2107 auro
346 2047 442 2126 adque
465 2047 604 2108 ardentes
627 2050 741 2108 murice
764 2056 874 2128 uestes,
954 2073 956 2077 ·
1022 2059 1037 2105 3

58 2151 133 2212 quas
155 2135 256 2214 rapuit
278 2135 347 2195 telis
369 2136 476 2196 festina
498 2135 678 2196 uocantibus
700 2138 810 2196 austris

57 2220 232 2302 Hypsipyle3
255 2222 368 2302 galeam
391 2223 557 2303 dilectaque
581 2224 698 2303 cingula
721 2227 784 2302 regi

57 2312 157 2391 inicit3
180 2310 229 2371 ille
253 2328 338 2371 snam
360 2311 464 2372 nultus
486 2330 652 2373 conuersus
675 2313 712 2373 ad
735 2312 841 2372 urbem

58 2405 180 2476 sceptra
202 2415 292 2460 manu
315 2408 454 2460 ueterum
477 2402 589 2461 retinet
611 2408 763 2479 gestamen
787 2418 920 2461 anorum.

56 2503 129 2547 nam
152 2488 221 2565 quia
243 2505 299 2548 nec
321 2487 422 2568 proles
445 2488 520 2548 alius
543 2507 598 2549 nec
618 2489 746 2568 denique
770 2491 899 2569 sangnis,

56 2577 125 2653 ipse
148 2573 241 2636 decus
263 2578 407 2654 regnique
430 2577 524 2637 refert
546 2578 663 2656 insigne
685 2580 811 2657 parenti.

56 2663 130 2722 inde
152 2670 200 2723 ter
220 2672 351 2724 armatos
374 2664 480 2744 Minyis
503 2664 703 2726 referentibus
726 2665 815 2726 orbes

56 2752 200 2812 concussi
222 2758 372 2813 tremuere
396 2755 474 2834 rogi,
497 2762 544 2814 ter
566 2753 716 2814 inhorruit
738 2753 841 2814 aether

56 2838 224 2901 luctificum
247 2840 402 2919 clangente
426 2841 511 2922 tuba3
534 2844 633 2902 iecere
657 2860 797 2921 supremo

56 2936 126 2988 tum
148 2926 276 2989 clamore
301 2929 394 3010 laces3
417 2948 522 3008 regum
544 2929 628 2990 labor
652 2931 748 2990 omnis
770 2933 802 2989 in
825 2947 912 2990 auras

57 3015 189 3077 soluitur
211 3025 242 3077 et
265 3016 354 3078 celsis
377 3018 537 3079 conlucent
559 3037 689 3097 aequora
712 3018 845 3079 flammis

56 3102 175 3166 scilicet
197 3103 271 3166 haee
290 3104 340 3166 illo
363 3108 505 3170 iuuenem
527 3106 712 3187 populosque
736 3105 894 3167 manebant

56 3201 208 3274 tempore,
230 3191 358 3254 Peliacis
381 3194 501 3256 caderet
524 3213 594 3256 cum
616 3193 768 3256 montibus
792 3193 894 3273 arbor3

56 3279 116 3340 lroc
138 3280 358 3360 uolucrumque
381 3284 477 3343 minae
500 3302 700 3363 praesagaque
724 3284 849 3344 fulmina
871 3281 958 3358 longo

55 3378 123 3429 acta
145 3371 221 3431 mari
244 3368 383 3431 tulerant.
430 3371 482 3431 scd
506 3375 573 3450 quis
596 3390 656 3431 non
678 3374 775 3450 prima
798 3369 921 3449 repellat

55 3466 190 3520 monstra
213 3457 307 3519 deum
329 3453 492 3538 longosque
515 3460 574 3520 sibi
596 3478 656 3519 non
680 3468 807 3538 auguret
829 3453 944 3517 annos?

54 3548 176 3627 iamque
201 3545 321 3609 solutus
344 3544 440 3623 honos
462 3549 570 3628 cineri,
593 3550 651 3608 iam
673 3545 810 3626 passibus
833 3547 930 3624 aegris
