2362 3938
76 167 140 233 638
240 184 345 222 nonum
362 185 469 222 vomam
489 169 521 237 (i)
539 183 637 220 nnncu.
656 185 691 221 on
709 185 772 221 nvos
790 183 865 220 rusci.

75 317 115 371 rei
136 317 184 371 uel
205 317 428 375 aestimationis.
467 324 508 370 ter
529 330 596 370 uero
618 315 768 381 frustratio
790 331 822 372 co
840 309 937 371 etiam¹
958 333 1028 389 qua·

40 397 203 471 1odruplu1n
221 401 226 465 Ι
240 413 353 471 poenae
368 400 478 454 nomine
494 392 640 471 consequi²
655 397 753 456 fiscum
768 402 898 471 otportet.

137 478 167 539 b.
183 481 392 553 Boeotorum!
405 483 452 554 qui
464 497 523 538 cum
537 481 603 538 fisco
615 484 788 555 contrahunt,
803 485 872 556 ietpe
886 475 1030 540 ’uacuariai
1041 487 1097 536 [540]

41 576 68 618 15
78 565 154 622 uelut
167 567 303 640 pipinoris
318 567 377 621 iure
392 563 458 621 tisco
478 559 683 638 ὀὁῖὶφαηιιιιῃ4
698 582 753 622 non
767 566 856 623 sotum
872 583 919 639 eo,
941 584 1010 640 quae
1026 576 1032 629 1

77 649 192 722 babent,
209 649 261 706 'set
275 644 317 706 et⁶
331 665 377 716 ea,
400 664 468 722 quac
483 657 579 721 posteo
595 648 717 714 thabituri
733 657 805 706 sunt.
823 662 829 711 ι

141 730 172 791 6.
195 733 295 791 Edicto
317 733 374 789 diui
395 732 500 788 'finiani
527 738 663 802 onuettur,
693 749 727 788 ne
750 735 795 805 qui
823 735 1032 806 prouincialium

41 828 68 869 ao
78 833 141 874 cum
157 822 161 886 1
178 819 267 875 seruis
282 808 433 873 fiscalibus⁰
446 815 618 885 contrahant,
636 818 640 882 Ι
656 816 708 870 nisi
721 815 879 887 adsignante
894 828 1032 888 procurat·

76 910 147 959 tore.
192 893 298 975 ’quod⁷
320 900 421 957 iactum
444 901 449 965 Ι
472 898 547 972 dupli
568 899 664 953 damno
686 898 731 954 uel
752 898 928 970 reliquorum
957 900 1030 956 ’eius

1 981 177 1060 abiissem)
194 977 345 1040 solutione⁸
359 985 508 1056 pentsntur.
535 990 562 1038 et
575 982 636 1037 ideo
652 982 769 1052 quicum
786 990 791 1043 t
807 975 911 1022 ⁹--
925 1011 958 1020 -
970 1012 1008 1021 -
1023 993 1028 1043 q

12 1057 70 1106 m
149 1115 169 1182 ¹)
189 1114 228 1165 ‘Si
242 1130 351 1178 praeses
365 1117 392 1164 in
406 1115 549 1178 prouincia
565 1129 616 1176 per
635 1115 798 1176 suppositum
812 1129 947 1177 personam
966 1129 1028 1164 con·

72 1201 185 1252 parasse
202 1191 205 1244 i
221 1185 285 1249 quid
298 1192 430 1247 arguatur,
442 1187 506 1248 fisco
517 1185 709 1240 canidemnatur
719 1185 770 1233 cius
780 1185 815 1232 rei
825 1181 1027 1234 aestilmationis.

76 1265 113 1307 ter
127 1271 184 1305 noro
200 1257 305 1318 frustra
320 1252 409 1305 citato'
430 1255 523 1305 Boeclc.
537 1269 572 1303 ex
585 1254 690 1304 Lacbm.
707 1256 739 1317 qj.
763 1253 819 1319 qu
836 1252 891 1304 CK'.
907 1262 932 1304 et
946 1254 977 1303 L.
993 1268 1027 1306 46.

77 1329 109 1377 D.
124 1328 156 1376 de
170 1326 287 1375 contrait.
302 1333 375 1388 empt.
391 1324 435 1391 (18,
446 1323 468 1390 1)
483 1326 577 1375 coiiata
588 1324 618 1373 L.
629 1337 663 1376 46.
674 1327 697 1386 ἕ.
708 1336 728 1374 u.
744 1325 777 1373 Ι).
792 1326 824 1375 de
838 1328 854 1374 i.
867 1327 923 1387 fise.
937 1322 982 1390 (49,
993 1325 1029 1390 14)

76 1412 144 1447 nunc
158 1402 281 1447 accurate
294 1403 397 1444 secutus
410 1411 472 1444 sum.
495 1394 626 1458 Scriptum
640 1402 711 1445 erat:
725 1410 803 1444 emere
818 1400 850 1458 ιῷ
864 1410 876 1442 e
891 1398 937 1457 tusa
952 1397 972 1443 is
991 1389 1030 1459 qei

76 1469 186 1532 p’ein'hoc
201 1467 321 1516 c'sidcnat'
332 1466 384 1529 quis
399 1466 461 1524 ithai
471 1473 575 1514 ceterum
585 1467 606 1514 si
614 1462 766 1531 q†positiam
780 1469 881 1530 qisonam
891 1467 1010 1529 c'parusse
1023 1475 1026 1521 t

75 1552 126 1588 rem
145 1544 169 1586 et
183 1544 275 1600 postea
293 1537 361 1599 patit’
380 1543 405 1585 et
424 1545 438 1584 u
457 1537 525 1592 uestit
546 1537 654 1599 denique
673 1544 704 1583 et.
722 1550 771 1598 pra
791 1537 869 1587 ctiam.
934 1533 956 1600 2)
972 1538 1030 1584 noffi

76 1607 144 1671 sequi
161 1606 186 1656 0.
201 1628 235 1649 ---
249 1620 335 1655 nomen
349 1609 389 1654 uel
398 1607 493 1654 nomine
503 1607 578 1670 sequi.
602 1606 720 1668 Apparet
730 1605 866 1654 librarium
876 1607 902 1653 in
912 1621 959 1655 suo
970 1609 1027 1656 cod.

76 1693 176 1728 nomena
186 1693 239 1741 pro
253 1674 369 1741 namium)
384 1677 405 1724 o'
420 1678 519 1742 lepisse.
531 1691 583 1739 pro
597 1691 687 1740 poenae
701 1678 838 1739 scripsisse
853 1676 955 1724 uidetur
966 1680 1028 1738 innoc

78 1747 123 1814 (as.
141 1748 201 1797 Gaii
215 1744 286 1811 not).
339 1743 598 1811 ³)1XmariaBoecic.
614 1763 648 1796 en
662 1749 695 1810 cj.
710 1747 749 1796 ed.
774 1747 830 1795 Alii
843 1748 898 1795 aiia
913 1749 1027 1795 coniece-

76 1824 145 1868 runt.
169 1817 226 1882 Epo
236 1823 372 1881 postquam
381 1818 445 1883 Lep.
457 1818 529 1867 Fiau.
540 1817 656 1881 Saipros.
667 1829 702 1869 64.
717 1818 835 1875 innotuit,
851 1817 949 1866 codicis
962 1819 1028 1866 scri·

72 1894 179 1952 pturam
192 1894 291 1936 mutare
305 1903 385 1937 ausus
399 1904 449 1938 non
462 1905 526 1952 sum,
541 1905 587 1938 nea
602 1888 697 1946 dubito,
712 1890 791 1952 leqem
805 1889 955 1938 uacuariam
970 1903 1029 1938 ean·

77 1959 133 2008 dem
147 1972 209 2017 esse,
224 1972 288 2022 quae
302 1957 339 2006 ibi
354 1955 410 2008 ‘lenc
424 1961 451 2008 in
466 1975 573 2010 uacuam
588 1954 740 2008 uendendis'
753 1959 864 2008 dicenda
874 1960 1029 2020 appellatur,

77 2045 127 2093 qua
141 2044 176 2079 en
189 2030 243 2094 iepe
256 2030 372 2090 emptori,
383 2036 475 2092 postea
490 2031 554 2092 fisco
570 2031 586 2077 i.
600 2044 621 2078 e.
633 2031 805 2091 procuratori
820 2029 941 2078 Caesaris
954 2031 1030 2077 etiam

77 2101 195 2164 sinquIas
203 2112 247 2147 res
257 2097 383 2148 debitoris
393 2102 516 2162 persequi
524 2107 549 2148 et
559 2099 704 2147 distrahere
714 2099 817 2146 uidetur
827 2099 938 2147 licuisse.
961 2098 1029 2147 Cete-

76 2202 133 2236 rum
146 2187 223 2236 etiam
236 2186 288 2251 ieqi
301 2192 387 2248 potest
402 2200 414 2233 e
428 2186 487 2247 lege.
551 2182 572 2247 ⁴)
585 2183 618 2232 In
634 2183 659 2231 C.
674 2185 798 2245 scriptum
813 2184 897 2246 fuerit
912 2184 1029 2241 obionitae

78 2253 247 2323 (obleguntur).
277 2255 315 2318 Cf.
331 2255 363 2306 L.
378 2267 410 2306 ιο.
430 2256 462 2303 D.
478 2256 630 2304 demonum.
646 2250 691 2317 (40,
706 2251 737 2317 1).
757 2252 789 2301 L.
804 2265 824 2302 1.
839 2264 860 2305 u.
877 2253 902 2302 C.
917 2255 945 2301 in
959 2254 1026 2316 quib.

76 2343 98 2380 c.
110 2329 184 2392 piqn.
200 2324 295 2392 (8,15).
360 2322 381 2391 ὅ)
395 2327 415 2374 s'
431 2325 457 2374 G.
472 2327 489 2373 i.
505 2340 525 2373 e.
540 2326 599 2374 oiim
618 2329 667 2381 set,
686 2336 720 2371 eoa
739 2338 788 2386 quo
807 2329 831 2372 ei
847 2324 1027 2388 qeminandum

76 2404 142 2450 crat.
155 2396 250 2447 Baecir.
265 2396 320 2446 ed:
339 2396 381 2444 sed
396 2409 423 2443 ea
438 2410 548 2459 quoqne,
567 2407 635 2456 quae.
699 2389 720 2458 θ)
735 2394 752 2441 i.
767 2408 789 2443 e.
804 2395 849 2457 qui
863 2395 890 2443 in
904 2400 964 2443 actu
979 2396 1026 2443 aii-

77 2482 126 2532 qua
140 2468 260 2517 stationis
270 2467 371 2529 fiscalis
384 2467 467 2529 positi
479 2471 546 2522 sunt,
560 2480 576 2512 a
591 2462 682 2527 quibus
696 2464 891 2529 distinquuntur
905 2465 928 2526 §-
943 2465 971 2516 6³
984 2466 1028 2529 qui

76 2539 178 2589 omnino
192 2539 262 2586 serui
277 2536 398 2585 Caesaris
410 2542 477 2585 sunt.
543 2532 563 2599 ⁷)
578 2533 645 2583 Ante
658 2533 683 2582 ir.
698 2549 721 2582 o.
735 2535 829 2599 siqium
843 2551 865 2584 o.
885 2542 967 2584 contra
982 2551 1028 2584 em·

77 2609 172 2658 cidisse
189 2609 316 2671 suspicor.
381 2603 403 2669 ⁸)
423 2606 444 2654 e’
463 2605 580 2654 solutione
600 2604 626 2653 G.
646 2603 851 2654 exsolutionem
869 2605 974 2655 Lacirm.
995 2609 1027 2668 cj.

76 2679 134 2728 edd.
150 2680 226 2727 etiam
239 2691 308 2726 meae
322 2689 342 2727 1.
357 2686 377 2725 2.
438 2672 459 2739 ⁹)
480 2675 577 2724 Versus
591 2685 673 2725 1-12.
689 2675 716 2723 in
731 2677 788 2724 edd.
804 2688 823 2726 1.
839 2687 859 2726 2.
875 2683 902 2726 ut
916 2683 967 2725 turn
983 2677 1028 2726 Co·

77 2749 144 2798 dicis
157 2749 291 2810 scriptura
305 2745 561 2809 repraesentabatur,
580 2746 619 2794 sic
635 2744 694 2806 fere
707 2747 811 2795 restitui
819 2761 898 2809 posse
912 2749 1028 2797 coniece-

77 2833 147 2869 ram:
161 2832 212 2866 non
226 2819 358 2881 adsiqnato
372 2818 428 2864 siue
441 2816 473 2864 de
489 2819 493 2873 t
505 2817 609 2877 peculia
624 2817 651 2863 in
666 2815 789 2864 creditum
807 2823 811 2873 t
826 2818 886 2864 ierit
899 2819 939 2864 siu
954 2818 975 2864 is
990 2817 1028 2864 id·

78 2891 150 2940 circo
169 2887 203 2937 tin
222 2892 226 2946 t
246 2889 348 2951 reliqua
366 2886 383 2935 r'a
401 2887 501 2937 iacuerit
519 2887 533 2931 r
552 2886 618 2952 pqdit
636 2885 653 2933 z'a
670 2892 761 2946 pensat
780 2887 885 2934 c'attera
904 2890 983 2937 innita
1004 2887 1029 2934 si

78 2974 140 3010 uero
153 2960 246 3009 interit
260 2960 357 3016 intaeta
370 2948 393 3027 q'.
409 2957 430 3005 ei
446 2951 604 3014 incumbebat,
619 2962 662 3004 tot.
681 2958 684 3012 Ι
700 2953 810 3004 debitum
825 2969 852 3003 eo
862 2969 929 3025 nom.
941 2956 1005 3016 fisco
1022 2967 1026 3008 ι

79 3031 193 3096 psoiuere
208 3029 277 3090 cogit'
292 3027 431 3092 n'requuat'
442 3034 472 3075 cu
486 3025 515 3073 nd
526 3039 578 3073 eum
589 3025 653 3074 lucr.
670 3029 673 3082 Ι
689 3036 704 3071 e
718 3028 794 3074 inimoi
809 3025 890 3088 poenit
899 3025 931 3072 nt.
943 3023 1027 3086 ibique

78 3101 147 3164 quad
160 3101 187 3149 in
198 3101 250 3162 fine
263 3099 373 3153 dicitur,
391 3111 421 3145 eo
439 3102 556 3158 spectare
570 3094 717 3151 uidebatur,
737 3095 806 3158 quod
822 3095 846 3143 si
864 3095 1028 3155 dispensator

75 3171 147 3233 sorte
154 3173 192 3220 uei
199 3171 314 3220 vicarius
324 3169 379 3217 eius
388 3165 532 3216 rationibus
542 3165 652 3213 redditis
662 3166 831 3213 manumissus
839 3170 896 3212 erat
906 3170 931 3211 et
935 3170 1027 3225 postea

77 3241 195 3304 defuncti
208 3240 337 3290 hereditas
347 3238 383 3287 ad
392 3237 525 3288 Gaesarem
534 3241 697 3298 peruenerat,
712 3233 810 3282 detecta
820 3233 912 3281 deinde
922 3247 957 3280 ex
966 3239 1027 3280 actu

76 3314 148 3360 serat
161 3313 262 3375 reliqua
276 3309 440 3358 nibilominus
454 3313 507 3355 tota
521 3305 552 3354 ab
567 3320 608 3362 eo,
628 3305 672 3367 qui
685 3310 777 3352 eontra
791 3303 956 3352 interdictum
970 3317 1028 3350 cum

77 3396 107 3431 eo
122 3386 299 3438 contraxerat,
309 3378 480 3443 persoluenda
489 3383 578 3425 erant:
591 3389 655 3424 noua
665 3374 730 3422 enim
740 3372 827 3420 liberti
835 3380 1025 3434 personuerat.

77 3453 146 3516 quod
164 3468 231 3502 nuno
249 3465 300 3501 non
317 3449 409 3512 probo.
441 3447 496 3496 Iam
514 3461 574 3495 uero
592 3446 657 3493 duas
674 3444 747 3506 sequi
764 3443 843 3490 edicti
861 3440 893 3490 D.
917 3441 1027 3490 Traiani

79 3524 153 3586 quasi
170 3523 334 3585 eoaceptc'anes
352 3521 391 3568 aci
405 3520 495 3582 potius
513 3515 737 3578 interpretationes
755 3513 782 3560 ia
800 3513 839 3573 55.
854 3511 1026 3574 sequentibus,
