2362 3938
101 225 166 292 102
528 217 637 274 amau
654 218 688 274 11.

98 386 228 453 hostico
258 385 441 469 patiamur3
472 381 610 448 ferinam
641 381 763 446 etenim
794 382 944 464 expertus
975 378 1120 446 hostium

97 475 225 541 rabiem
244 474 296 539 vel
315 473 396 557 ipsis
416 472 516 537 etiam
538 470 671 536 orbatus
691 468 872 535 adfectibus
895 491 935 534 ex
953 469 1012 534 illa
1031 470 1121 555 regia

97 561 302 629 beatitudine
325 561 359 625 in
383 559 539 626 extimam
562 560 635 624 veni
652 558 774 625 Darius
793 558 849 623 ille
868 557 1120 643 miserationem,

101 673 176 718 cum
200 650 281 716 mihi
304 671 371 715 non
394 653 500 713 mater
523 647 762 731 amantissima,
789 668 856 712 non
882 668 966 712 uxor
993 646 1120 732 conspi-

73 740 298 823 srantissima,
320 759 387 803 non
405 735 592 802 suavissimi
608 736 670 800 filii
689 739 825 820 propter
843 736 919 819 sint,
942 737 1024 820 quin
1042 737 1121 801 haec

101 832 219 895 cuncta
233 825 479 893 adversantibus
494 825 647 889 serviunt.
675 822 781 900 Quare
795 824 971 908 pollicente
986 846 1040 890 me
1055 847 1121 890 non
1137 835 1172 888 32.

97 917 199 984 modo
213 916 384 982 thesauros
398 934 517 998 opesve
534 914 670 998 regales,
689 913 745 978 sed
761 913 855 998 regni
870 934 999 997 quoque
1018 915 1121 979 nostri

99 1027 200 1090 quam
219 1003 454 1087 amplissimam
469 1002 662 1087 portionem,
682 1002 800 1085 spretis
816 999 952 1067 Macedo
970 1003 1121 1088 supplici-

99 1093 160 1158 bus
170 1091 330 1156 eiusmodi
340 1111 404 1155 una
413 1091 543 1155 tantum
553 1093 769 1175 proventuum
781 1112 914 1156 suorum
925 1091 1121 1176 adrogantia

60 1199 86 1238 ιο
101 1180 288 1244 delectatur.
320 1178 420 1263 Erg0,
440 1178 486 1243 mi
499 1177 591 1262 Pore,
609 1179 675 1244 iam
691 1179 808 1262 opibus
822 1178 992 1265 fatigatus,
1012 1182 1120 1245 animo

98 1271 211 1332 tamen
234 1268 275 1332 ad
299 1268 497 1332 sententiam
519 1267 636 1352 milito,
659 1268 688 1332 si
710 1268 808 1334 modo
831 1267 952 1333 faveas.
994 1268 1120 1334 Rursus

99 1355 186 1420 euim
209 1355 370 1440 proelium
393 1355 549 1440 meditor,
579 1360 613 1421 et
635 1357 664 1421 si
693 1377 776 1440 quos
803 1378 934 1441 queam,
965 1357 1006 1421 ad
1035 1380 1120 1423 com·

99 1442 288 1510 munionem
311 1444 393 1510 duco
418 1444 609 1511 sententiae.
654 1443 747 1521 Quod
777 1445 805 1510 si
833 1448 870 1511 tu
900 1466 1029 1530 quoque
1052 1451 1122 1512 tam

100 1533 208 1599 iustae
240 1533 458 1619 indignationi
496 1538 628 1600 nostrae
667 1535 842 1600 accesseris
887 1539 1042 1618 tuamque
1074 1537 1120 1600 in·

60 1639 88 1679 1⁵
101 1622 220 1687 iuriam
251 1622 502 1708 existimaveris,
536 1645 618 1709 quae
648 1623 684 1687 in
712 1645 764 1688 me
795 1626 946 1709 grassata
976 1629 1043 1708 est,
1075 1626 1121 1690 ita

100 1711 325 1797 praecavebis,
348 1715 386 1776 ut
403 1716 438 1777 te
456 1712 593 1798 dignum
612 1712 674 1778 erit
693 1717 726 1778 et
744 1713 905 1778 maiorum
923 1716 1120 1793 nostrorum,

100 1802 135 1863 et
157 1800 214 1865 isti
237 1800 473 1885 conspirationi
497 1802 666 1868 consulere
692 1802 821 1887 tuisque
848 1801 1026 1867 commodis
1055 1825 1121 1867 non

102 1887 226 1955 deesse.
271 1890 377 1975 Igitur
406 1912 445 1955 ex
473 1892 627 1974 opinione
653 1895 767 1957 nostra
794 1890 922 1976 feceris,
950 1891 979 1955 si
1006 1895 1120 1975 gentes

98 1999 200 2062 quam
218 1979 376 2061 plurimas
394 1999 583 2064 congreges,
606 2001 767 2064 quamque
785 1979 927 2063 primum
946 2001 1056 2064 queas,
1080 1981 1121 2045 ad

59 2083 88 2123 2⁰
101 2070 216 2148 portes
236 2065 371 2150 Caspias
390 2067 514 2132 tendas.
555 2067 655 2132 Enim
677 2089 719 2132 ne
743 2070 788 2132 sit
809 2067 927 2132 militie
948 2068 1011 2132 tibi
1034 2069 1120 2133 mili·
1139 2081 1179 2134 33.

100 2153 241 2218 bantium
261 2154 432 2238 inhonora,
457 2154 625 2219 dabuntur
647 2176 667 2218 a
689 2175 741 2219 me
760 2155 898 2239 singulis
917 2159 1117 2219 armatorum

99 2239 190 2304 aurei
214 2243 281 2306 tres
305 2242 518 2326 pedestrium,
541 2241 643 2326 equiti
667 2262 744 2307 vero
768 2244 921 2326 quinque,
947 2245 1116 2323 ceteraque

99 2348 183 2411 quae
206 2328 371 2394 alimoniis
400 2329 606 2394 abundarint.
651 2328 797 2394 Praedae
824 2351 952 2414 quoque
980 2328 1116 2394 bellicae

42 2458 48 2472 «
97 2435 174 2498 pars
194 2437 233 2480 ex
253 2417 358 2481 medio
378 2421 487 2481 vestra
501 2417 568 2482 fiat.
601 2417 646 2481 At
664 2417 751 2481 enim
770 2418 831 2482 tibi
849 2417 977 2501 privum
996 2439 1115 2483 munus

58 2520 84 2563 ee
99 2503 188 2569 istud
210 2504 360 2590 habebis,
387 2505 472 2588 quod
495 2506 639 2570 indidem
662 2506 903 2590 regalissimum
926 2509 990 2590 est,
1013 2507 1117 2573 Buce·

97 2591 231 2675 phalam
250 2613 368 2677 equum
393 2594 517 2658 scilieet
538 2599 605 2659 u'ne
627 2595 823 2680 cumregiis
842 2594 985 2680 phaleris
1010 2598 1116 2682 regio·

98 2701 159 2764 que
183 2681 272 2746 cultu
295 2681 547 2767 concubinisque
567 2683 729 2766 omnibus,
751 2705 831 2768 ques
856 2685 1022 2769 octoginta
1044 2706 1116 2749 cen-

98 2772 232 2854 tumque
254 2773 441 2854 numeraut,
471 2769 527 2854 qui
549 2775 724 2837 noverunt:
754 2793 809 2838 ees
834 2794 947 2838 omnes
972 2795 1009 2838 ae
1032 2775 1115 2838 tales

189 2945 298 3002 oIade
319 2962 338 3000 a
360 2945 448 3000 uobis
472 2945 576 3014 ‘quare
598 2945 797 3070 pollicentsm’
822 2953 870 3005 etc.
893 2963 993 3004 rursus
1017 2949 1117 3017 incipit

102 3016 166 3074 aaa.
186 3019 281 3074 Ambe.
300 3016 393 3088 (Quat.
407 3015 471 3084 VI).
532 3023 605 3087 tpo
618 3017 720 3072 licente
738 3019 813 3073 Keil.
841 3018 1023 3089 pollicentem
1042 3020 1076 3074 A.
1085 3019 1116 3072 P.

101 3091 324 3161 9proventuum
335 3088 366 3145 Τ.
385 3105 436 3144 om.
447 3089 521 3146 A.P.
574 3094 606 3143 12
624 3087 733 3159 proelia
745 3089 779 3146 P.
805 3107 907 3159 queam
918 3091 952 3144 P.
979 3107 1061 3159 quem
1080 3092 1116 3145 A.

101 3179 186 3232 quam
213 3162 245 3217 Τ.
282 3177 457 3216 communem
483 3161 515 3214 Τ.
614 3165 647 3215 15
670 3164 802 3230 grassata
828 3160 860 3216 Τ.
893 3165 1019 3217 crassata
1042 3163 1076 3217 A.
1085 3162 1116 3215 P.

102 3239 136 3289 16
155 3232 349 3305 praecavebis,
373 3234 406 3286 ut
431 3232 462 3287 Τ.
490 3231 636 3301 praeeabis
656 3231 691 3288 P.
718 3231 835 3302 pavebis
854 3233 890 3288 A.
932 3233 987 3287 erit
1010 3249 1060 3289 om.
1083 3233 1116 3286 P.

103 3312 136 3360 17
152 3323 208 3360 non
222 3322 272 3362 om.
282 3304 311 3359 Τ.
345 3310 378 3360 18
393 3303 519 3374 opinioni
532 3305 646 3358 nostrae
660 3304 720 3372 (om.
736 3303 823 3373 ex)A.
853 3308 888 3357 22
902 3303 1116 3372 pedestriumA.

100 3375 226 3443 pedestri
235 3375 265 3430 Τ.
274 3376 424 3446 pedersum
432 3375 464 3429 P.
476 3374 564 3443 equiti
572 3373 602 3428 Τ.
610 3375 644 3429 Ρ.
656 3373 781 3443 equitum
787 3375 822 3431 A.
851 3379 887 3428 23
901 3374 1116 3429 abundarentA.

99 3445 292 3500 habundarint
310 3447 343 3502 P.
354 3447 384 3499 T.
453 3452 489 3500 24
506 3444 600 3501 media
618 3444 655 3502 A.
689 3445 809 3515 primum
830 3445 861 3500 Τ.
930 3450 965 3500 at
984 3447 1061 3500 istud
1080 3447 1116 3498 A.

99 3517 162 3568 tute
188 3517 222 3568 P.
265 3518 309 3570 est
331 3533 381 3571 om.
406 3517 439 3572 P.
482 3517 643 3571 bucelalum
667 3515 702 3571 P.
805 3521 839 3571 26
864 3514 973 3571 scilicet
995 3517 1117 3588 egregiis

100 3585 224 3657 phaleris
245 3587 275 3639 T.
350 3592 384 3641 27
405 3587 554 3643 cultuum.
576 3588 609 3644 P.
648 3587 737 3643 omnis
758 3587 792 3642 P.
864 3591 899 3642 28
918 3587 985 3642 talis
1005 3589 1037 3642 P.
