2362 3938
411 192 531 248 ORTUS
550 192 772 250 ALEXANDRI.
1055 197 1096 262 61

81 355 204 419 Locros
231 356 380 440 protinus
409 357 517 421 vertit.
559 354 630 431 Qua
657 356 692 420 in
719 357 798 420 urbe
826 357 955 422 refectis
979 360 1097 424 animis

78 443 229 508 omnium
258 445 485 527 Agragantum
514 444 628 509 tendit.
678 443 762 509 Eam
790 447 902 509 urbem
930 447 1096 532 ingressus

77 532 220 596 nihilum
252 537 398 597 moratus
435 532 561 598 scandit
591 531 758 617 Apollinis
794 535 955 616 templum
992 557 1096 601 sacer-

78 621 269 704 dotemque,
299 643 381 705 quae
404 622 524 685 ibidem
548 622 741 705 antistabat,
769 621 901 687 solitam
925 624 1097 689 vaticinari

77 711 114 772 in
142 709 177 774 id
208 710 317 793 ipsum
347 709 455 792 coepit
488 729 636 793 urguere.
689 710 864 775 Enimvero
900 732 973 775 cum
1003 717 1131 777 vateso

78 798 130 862 dei
153 798 189 862 in
213 819 247 862 se
272 799 451 881 spiratione
479 801 627 864 cessante
658 798 743 863 nihil
770 798 838 862 tale
869 820 902 864 se
925 821 1022 883 posse
1047 801 1094 865 fa·

78 890 213 969 teretur,
236 886 420 951 Alexander
438 890 555 969 motus,
580 887 616 951 ni
639 888 770 972 faceret,
792 888 1020 953 interminatur
1038 891 1095 954 tri-

78 975 199 1059 podam
231 996 359 1060 quoque
390 997 424 1040 se
454 977 494 1041 ad
525 975 675 1041 Herculis
704 976 852 1040 fabulam
883 976 1094 1044 sublaturum.

78 1064 124 1127 Et
147 1085 223 1128 cum
247 1063 333 1129 dicto
357 1064 463 1128 aufert
485 1063 609 1129 scilicet
632 1065 809 1147 tripodam,
837 1087 933 1150 quem
956 1063 1095 1132 Croesus

78 1153 213 1236 quidem
238 1153 522 1236 opulentissimum
546 1156 768 1230 consecrarat3
797 1154 851 1218 sed
875 1176 932 1238 per
955 1177 1028 1219 eum
1051 1155 1095 1221 di·
1111 1178 1137 1219 ro

78 1241 155 1305 vino
181 1242 301 1324 spiritu
325 1247 525 1306 commeante
544 1242 717 1306 vaticinari
739 1242 919 1307 antistitem
943 1243 993 1309 fas
1016 1250 1095 1310 erat.

79 1329 163 1394 Tum
182 1330 287 1394 fertur
311 1352 349 1395 sx
369 1328 467 1414 adyto
487 1352 549 1395 vox
570 1330 609 1394 ad
629 1331 864 1396 Alexandrum:
888 1331 938 1396 ‘ld
957 1334 1096 1416 quidem,

79 1417 166 1502 quod
190 1422 227 1482 tu
250 1418 345 1502 facis,
372 1418 531 1483 Hercules
555 1419 632 1484 fecit
655 1423 689 1483 et
710 1420 767 1484 ille
790 1420 867 1485 deus
896 1425 930 1484 εὴ
956 1426 992 1485 tu
1017 1422 1095 1487 divi·

78 1507 179 1571 nitati
198 1507 264 1571 iam
283 1508 475 1573 destinatus.
512 1507 618 1584 Quare
637 1512 669 1571 te
688 1530 748 1591 par
767 1509 918 1573 estnihil
939 1510 974 1572 in
991 1512 1096 1574 nostri

79 1595 312 1660 contumeliam
339 1597 414 1679 niti,
443 1597 470 1661 si
497 1596 593 1662 modo
618 1597 795 1661 virtutibus
823 1598 888 1661 tuis
918 1618 956 1661 ex
977 1597 1095 1662 ¹fauore
1110 1619 1135 1660 rr

77 1685 250 1748 numinum
279 1684 446 1749 consulis’
496 1683 595 1750 Hisce
624 1685 718 1749 dictis
746 1706 786 1750 ex
815 1685 914 1768 adyto
943 1685 1034 1749 addit
1062 1690 1095 1750 et

79 1778 185 1838 vates:
207 1772 272 1837 ‘En
289 1773 388 1858 vides,
406 1795 472 1858 rex,
491 1774 576 1856 quod
594 1775 652 1838 illa
666 1774 727 1838 tibi
744 1774 886 1837 numinis
901 1773 1095 1859 praestigiat

78 1861 254 1945 divinatio,
289 1884 370 1946 quae
403 1866 436 1927 et
467 1861 640 1927 Herculem
674 1865 706 1926 et
737 1860 957 1926 Alexandrum
990 1867 1095 1928 vocat.

77 1949 185 2034 Igitur
218 1951 412 2035 praenuntio
444 1951 506 2015 tibi
539 1951 608 2017 fore
644 1952 735 2015 actus
770 1953 844 2014 tuos
876 1950 1096 2015 humanorum

79 2039 228 2104 omnium
246 2039 398 2105 fortiores
417 2061 598 2123 nomenque
616 2061 675 2122 per
693 2038 822 2103 saecula
840 2038 1094 2123 porrigendum?
1109 2061 1136 2101 ao

170 2126 230 2194 51.
254 2129 339 2193 Hinc
354 2151 426 2193 cum
441 2127 569 2192 Thebas
584 2127 768 2192 Alexander
781 2127 1034 2192 transcendisset
1059 2133 1155 2192 XLVI.

79 2220 269 2300 peteretque
292 2217 463 2281 Thebanos
491 2216 634 2281 indidem
658 2220 858 2281 armatorum
881 2216 970 2280 mille
997 2216 1094 2282 comi·
1113 2229 1157 2282 64.

78 2312 195 2389 tatum,
215 2305 494 2390 Thebaniportas
513 2305 687 2389 posthaec
707 2308 879 2389 praecepta
899 2306 1095 2389 clauserunt,

78 2394 223 2478 factique
252 2394 320 2459 eius
344 2396 562 2458 temeritatem
590 2415 662 2458 eum
686 2394 924 2479 supplicatione
952 2417 1019 2460 non
1044 2417 1095 2460 ex-

79 2487 260 2564 cusassent,
278 2505 369 2547 arma
388 2504 555 2567 sumpsere
578 2486 611 2546 et
629 2483 670 2546 ad
688 2482 903 2548 resistendum
918 2483 1094 2549 violentias
1108 2508 1134 2550 aa

77 2571 261 2636 Alexandri
289 2593 359 2636 sese
387 2593 557 2655 paravere3
585 2571 770 2655 adduntqm
797 2571 850 2636 his
877 2572 974 2637 illud:
1005 2573 1096 2656 quin·

79 2663 196 2744 gentos
217 2664 360 2724 armatos
385 2682 401 2723 e
426 2661 492 2724 suis
512 2660 614 2724 muris
630 2661 779 2725 insistere
800 2683 837 2725 ac
855 2681 934 2726 voce
953 2662 1096 2726 maxima

171 2840 185 2887 1
206 2851 264 2901 qua
277 2850 327 2888 om.
336 2840 362 2888 1,
396 2834 569 2903 agragantiis
584 2834 709 2889 ostendit
722 2849 770 2887 rex
784 2835 881 2888 urbem
890 2841 917 2889 ’1.
955 2840 971 2888 2
989 2835 1065 2904 Qaae
1079 2852 1097 2888 a

78 2907 167 2959 verbis
184 2905 268 2957 ‘Earn
278 2905 386 2958 urbem’
402 2921 487 2973 usqae
501 2906 723 2971 adamatores
738 2906 838 2973 capitis
849 2907 986 2973 lepaatwr,
1001 2921 1051 2959 om.
1061 2905 1095 2959 P.

79 2983 143 3029 fise
163 2981 255 3030 om.
298 2976 481 3044 ttripodar.
522 2981 554 3030 10
574 2976 787 3045 opulentissimo
797 2980 824 3028 Τ.
864 2981 894 3028 11
916 2974 1058 3029 antistites
1068 2982 1095 3028 ’1.

80 3053 110 3100 12
128 3047 232 3101 Versus
247 3045 348 3101 Eberh.
368 3049 409 3100 ito
427 3049 566 3101 restituere
585 3043 820 3101 consecrando
839 3044 952 3111 quidem
972 3046 1045 3112 quod
1064 3046 1097 3098 tu

77 3117 147 3172 facis
160 3117 164 3188 1
177 3116 232 3171 Ille
246 3117 315 3170 fecit
328 3117 462 3171 Hercules
476 3117 479 3189 l
492 3119 529 3172 Ut
544 3114 687 3170 divinitati
701 3116 757 3169 iam
769 3114 773 3185 Ι
786 3114 947 3169 Destinatus
968 3112 1095 3197 etndeusl

78 3189 171 3253 Quare
196 3190 227 3241 et
248 3192 278 3240 te
301 3204 352 3255 par
375 3189 418 3241 est
440 3188 532 3256 nihil!
553 3186 651 3241 Nostri
673 3185 703 3239 iu
728 3185 927 3239 contumeliam
948 3187 952 3252 Ι
973 3183 1047 3253 Nrti,
1073 3202 1098 3240 ar

77 3260 162 3314 modo
174 3256 233 3312 tuis
245 3258 247 3329 l
260 3256 387 3313 Consulis
397 3257 549 3313 virtutibus
559 3258 562 3328 Ι
573 3257 615 3310 Ex
623 3256 720 3311 favore
730 3254 884 3309 numinum.
919 3259 952 3307 14
967 3255 1095 3310 nostriA.

76 3347 182 3404 uostris
197 3354 226 3399 Τ.
267 3352 299 3400 17
318 3346 392 3402 vatis
406 3353 434 3401 Τ.
460 3347 531 3400 illud
545 3352 573 3401 Τ.
599 3327 730 3414 1)τῖθῇιῖ
744 3351 771 3397 T.
810 3347 933 3410 requae
947 3341 1096 3399 Herculem

77 3418 273 3474 Alexandrum
292 3422 320 3472 Τ.
395 3422 427 3472 19
442 3416 636 3486 praenuntiari
654 3416 713 3470 fore
733 3422 759 3468 Τ.

166 3491 218 3544 51.
253 3495 286 3542 21
309 3487 465 3543 Alexander
483 3505 533 3542 om.
555 3488 589 3541 P.
657 3494 691 3541 23
711 3485 836 3540 clausere
854 3485 887 3540 P.
961 3489 996 3537 24
1014 3501 1097 3542 exau·

76 3564 174 3618 arene
189 3562 226 3616 P.
270 3566 304 3612 26
325 3576 354 3614 se
373 3574 576 3628 praeparavere
591 3559 624 3612 P.
669 3564 702 3612 27
722 3558 758 3611 ad
776 3573 873 3612 vocem
893 3555 1045 3611 maximam
1061 3559 1096 3614 P.
