2362 3938
422 174 537 230 AGTUS
555 174 778 232 ALEXANDRI.
1052 175 1093 241 81

79 341 159 405 tiam
174 337 439 404 demonstrarent
457 337 493 402 in
506 335 684 404 Alexandri
701 337 890 424 inimicitiis,
910 339 1000 406 cuius
1020 360 1096 405 con-

80 428 225 495 cordiam
250 430 330 492 tunc
348 425 598 492 Atheniensium
617 426 731 493 civitas
751 427 929 492 maluisset.
965 427 1096 493 Adven-

80 516 166 583 tanti
199 515 306 602 igitur
338 516 379 580 ad
410 515 525 580 urbem
558 536 650 581 suam
684 516 813 581 obiecta
829 519 921 581 ,sunt
953 517 1096 582 claustra

80 610 266 691 portarum,
297 604 499 688 classemque
527 604 628 670 armis
656 608 689 669 et
718 604 877 670 militibus
903 605 1095 690 instruxere,

81 695 166 779 quod
195 694 361 778 utrimque
389 696 479 759 terra
505 693 558 759 vel
588 693 672 759 mari
701 693 930 760 formidolosos
960 715 995 759 se
1024 695 1121 760 fores

81 782 270 849 Alexandro
294 781 538 848 arbitrarentur.
582 781 645 848 His
671 805 728 848 rex
753 782 927 868 compertis
954 783 1094 868 primum
1112 791 1158 844 26.

82 872 121 938 ad
144 893 201 938 eos
226 892 285 956 per
307 869 480 956 epistolam
502 872 658 956 loquitur,
680 893 744 956 qua
767 874 923 956 moneret,
944 872 995 936 uti
1017 873 1094 938 boni
1169 949 1171 952 y

82 961 291 1027 consulerent
317 981 453 1044 eamque
476 961 615 1045 gloriam
642 960 807 1046 bellicam,
834 983 932 1046 quam
955 961 1094 1027 maiores

83 1051 144 1114 sibi
169 1053 301 1114 strenue
324 1048 540 1134 peperissent,
566 1049 657 1114 nullo
685 1049 774 1134 turpi
796 1049 939 1134 periculo
968 1050 1095 1116 amitte·

82 1143 154 1203 rent
179 1139 417 1222 solverentque.
461 1137 593 1204 Etenim
621 1138 650 1202 si
674 1138 751 1223 quid
774 1159 885 1203 eorum
908 1138 1038 1204 fortuna
1060 1138 1096 1204 in
1109 1159 1136 1199 rc

82 1226 311 1313 praesentibus
329 1225 509 1310 vacillaret,
532 1231 666 1292 cunetae
685 1248 812 1312 quoque
831 1227 1011 1311 priscarum
1030 1250 1096 1295 me-

83 1316 207 1381 moriae
226 1314 404 1400 gloriarum
427 1337 492 1380 una
513 1315 577 1380 sibi
601 1316 766 1400 periturae
784 1316 980 1401 viderentur,
1003 1338 1096 1383 even·

84 1411 257 1489 tutumque
267 1403 423 1489 profecto,
436 1406 473 1469 ut
487 1404 563 1470 dum
572 1403 827 1470 Atheniensibus
843 1405 1096 1472 obstinationem

83 1515 174 1558 suam
199 1495 373 1577 pergerent
395 1496 574 1580 ostentare,
596 1492 677 1559 risui
700 1494 810 1578 potius
832 1494 974 1559 inimicis
997 1515 1094 1578 quam

82 1583 228 1667 periculo
246 1581 397 1646 hostibus
419 1581 536 1649 forent.
575 1581 683 1669 Igitur
706 1586 855 1666 oportere
879 1604 934 1648 eos
957 1582 1095 1647 navibus
1109 1601 1135 1644 15

84 1669 249 1735 derelictis
283 1669 446 1754 armisque
478 1671 632 1755 depositis
674 1670 834 1737 amicitiae
872 1692 949 1736 suae
984 1670 1095 1754 potius

86 1781 199 1844 quarnv
222 1779 386 1824 armorum
424 1781 538 1844 capere
562 1761 839 1845 experimentum.
899 1757 1096 1844 Ceteroquin

84 1870 166 1933 quos
186 1846 350 1913 sententia
369 1848 483 1915 melior
500 1848 644 1914 indidem
661 1870 728 1914 non
744 1848 938 1931 deduxisset,
954 1847 1096 1913 fiammis

83 1941 115 2002 et
138 1936 286 2002 incendio
310 1936 526 2020 deponendos.
1109 1950 1134 1991 1⁹

174 2023 233 2091 20.
277 2023 428 2110 Acceptis
458 2026 560 2112 igitur
588 2025 678 2092 hisce
708 2025 872 2091 mandatis
903 2046 969 2091 non
998 2024 1095 2091 modo
1113 2029 1161 2082 27.

85 2114 158 2179 flexi
185 2113 431 2179 Lacedaemonii
457 2135 525 2181 non
551 2118 639 2201 sunt,
670 2116 727 2180 sed
756 2119 793 2180 ut
820 2114 1033 2180 confidentius
1061 2113 1096 2179 in

85 2225 174 2268 arma
202 2206 406 2269 concurrunt
451 2201 575 2289 Coepta
602 2208 714 2269 tamen
743 2208 841 2289 atque
870 2205 1010 2270 exercito
1038 2225 1097 2288 per

85 2292 217 2357 biduum
245 2290 371 2376 proelio
401 2313 469 2357 non
495 2293 625 2358 difficile
653 2292 839 2359 Alexandro
866 2292 930 2358 fuit
955 2292 1096 2358 flammis

86 2380 213 2446 iniectis
252 2379 365 2445 excidii
401 2381 583 2466 periculum
617 2381 882 2448 Lacedaemoniis
922 2385 1095 2448 ostentare.

88 2467 192 2545 Quare
219 2471 298 2533 tunc
330 2469 458 2535 demum
486 2470 650 2556 supplices
682 2471 913 2556 submissique,
943 2493 983 2535 ne
1013 2471 1095 2536 illud
1109 2486 1136 2529 aa

89 2557 246 2622 excidium
279 2555 342 2622 sibi
375 2562 408 2623 et
440 2560 614 2644 captivitas
647 2564 870 2645 perseveraret
900 2558 1097 2643 Alexandro,

87 2646 274 2731 procedunt.
319 2644 371 2710 Ad
395 2668 476 2731 quos
499 2670 557 2713 rex
584 2648 645 2713 ait:
673 2647 847 2733 ‘Equidem
876 2670 928 2714 me
955 2649 1021 2713 scio
1049 2647 1096 2712 in·
1150 2710 1156 2716 .

88 2735 186 2820 tegris
214 2734 313 2799 etiam
339 2737 417 2801 tunc
444 2737 541 2802 rebus
569 2736 650 2803 haec
679 2739 848 2804 consulere
874 2738 1030 2820 voluisse3
1062 2739 1097 2801 at

90 2825 171 2888 enim
194 2844 255 2890 vos
278 2828 450 2909 cumpost
476 2826 589 2891 classis
612 2831 740 2892 vestrae
767 2828 921 2911 urbisque
948 2823 1096 2891 incendia

175 2987 189 3034 1
209 2979 239 3034 in
257 2979 409 3036 Alexandri
423 2981 580 3038 inimicitiis
593 2983 626 3037 P.
652 3000 708 3053 quc
723 2983 880 3039 Alexandro
894 2981 1000 3037 inimici
1015 2977 1095 3035 illir.

89 3050 248 3106 inimicitias
267 3051 308 3119 A,
327 3068 377 3108 om.
396 3051 427 3106 in
444 3053 604 3110 Alexandri.
647 3062 663 3110 2
682 3054 855 3110 Adventanti
872 3053 960 3122 igitur
977 3051 1095 3104 Alexan·

90 3121 135 3176 dro
149 3122 183 3176 P.
220 3127 237 3176 3
257 3122 367 3178 obiecta
384 3127 451 3180 sunt
468 3126 544 3181 codd.
571 3124 749 3183 obiectamnt
762 3127 862 3194 Klupe.
899 3128 915 3176 5
934 3120 1046 3188 utriq¹10
1060 3120 1094 3176 P·

91 3190 281 3250 lormidoIoA.
318 3198 334 3246 7
353 3210 410 3263 qua
421 3196 590 3254 moneretA.
599 3196 633 3252 P.
653 3215 736 3267 quam
750 3197 860 3266 possint
868 3199 895 3246 Τ.
922 3191 989 3271 boni
999 3206 1049 3245 om.
1059 3190 1094 3244 P.

92 3267 106 3315 9
123 3263 304 3319 admitterent
322 3264 354 3320 P.
409 3271 442 3321 11
462 3266 630 3323 vacillarent
649 3270 684 3324 P.
742 3274 774 3322 17
794 3267 960 3332 Ceteroqum
978 3275 1047 3329 quos
1065 3267 1094 3315 τ.

93 3335 230 3404 ceteroqui
248 3334 273 3389 si
291 3352 360 3403 quos
377 3337 414 3391 A.
421 3337 455 3392 P.
599 3379 601 3385 .

175 3405 224 3461 20·
256 3412 291 3462 20
310 3408 354 3462 his
372 3407 406 3461 P.
448 3413 482 3463 21
502 3409 706 3466 confidentibus
725 3416 751 3461 Τ.
789 3412 824 3460 25
843 3402 1039 3474 supplicesque
1060 3402 1094 3457 P.

95 3474 169 3529 illum
185 3476 218 3532 P.
272 3483 308 3532 26
326 3479 486 3534 Alexandro
505 3481 572 3536 r.P.
596 3498 646 3537 om.
665 3483 701 3537 A.
751 3484 785 3533 27
805 3476 849 3532 Ad
867 3491 936 3545 quos
955 3475 1024 3530 M.
1057 3471 1096 3527 At

97 3546 204 3612 qnodP.
240 3553 275 3603 28
289 3550 372 3604 rebus
381 3557 408 3605 τ.
415 3550 450 3606 P.
469 3551 587 3607 redditis
594 3554 630 3607 A.
657 3554 688 3606 at
701 3547 851 3606 enimuA.
870 3544 1095 3602 eademenimP.

143 3643 226 3688 lamus
239 3647 372 3690 murus.
919 3641 937 3691 fi
