2362 3938
100 183 162 248 186
252 182 467 238 smxnuuul
485 183 561 240 CUM
580 185 737 242 DINDIMO
757 184 945 243 COLLATIO.

95 367 161 411 non
183 348 321 432 potaris,
349 369 408 412 neo
437 348 543 433 gloria
565 348 698 414 dicenda
721 353 784 433 est,
813 371 911 434 quam
934 350 998 414 sibi
1022 351 1109 435 quis·

95 454 156 518 que
178 455 245 500 non
270 435 402 502 dederit
451 435 569 502 Verius
598 459 676 523 ergo
704 460 771 503 non
797 437 1024 522 beatitudinis,
1053 440 1109 504 sed

93 523 319 608 castigationis
341 546 411 590 esse
431 527 597 611 confirmo,
620 526 705 610 quod
726 526 842 592 vivitis.
880 526 925 592 ut
943 529 971 592 si
990 527 1109 613 placet,

94 611 338 678 institutionum
361 618 542 678 vestrarum
566 619 676 698 partes
700 616 847 700 singulas
869 637 1107 699 percurramus.

68 723 82 764 a
184 700 253 767 Nee
289 701 407 766 habere
439 703 640 788 Bragmanos
678 704 944 769 consuetudinem
983 706 1108 770 semina

95 790 249 856 mandare
285 790 393 855 telluri
436 813 495 856 neo
531 793 664 857 arbores
702 793 822 858 vitibus
860 793 1011 858 deuorare
1049 816 1108 859 nee

95 879 266 963 plantariis
289 880 440 945 arborum
468 880 555 945 nuda
577 881 697 945 vestire
721 903 909 967 camporum
936 903 996 946 neo
1021 882 1108 946 aedi-

95 968 170 1034 lioia
188 969 322 1054 pulohra
340 969 544 1054 constituere,
566 969 682 1034 harum
701 992 808 1034 rerum
827 970 1002 1035 manifesta
1021 972 1106 1036 ratio

95 1062 154 1142 est,
177 1058 263 1143 quod
280 1057 357 1122 ferri
380 1058 547 1123 metallum
566 1058 658 1123 vobis
682 1059 864 1144 indignatio
885 1063 1021 1123 naturae
1040 1081 1108 1124 non

55 1167 81 1207 ro
95 1146 258 1231 praebuit,
282 1168 344 1231 quo
369 1150 499 1229 cuncta,
523 1169 605 1232 quae
628 1147 883 1231 numeravimus,
906 1146 1106 1214 eriooluntur.

94 1234 234 1299 Aliunde
258 1239 367 1300 autem
382 1236 550 1300 ‘assumere
569 1237 790 1321 negotiatione
812 1237 936 1321 navigii
959 1258 1026 1301 non
1049 1259 1105 1320 po-

93 1323 186 1388 tastis
210 1328 308 1409 atque
327 1324 399 1389 ideo
418 1347 476 1389 vos
495 1345 626 1389 neeesse
646 1328 696 1389 est
716 1324 825 1389 herbis
850 1325 1106 1409 palmitibusque

94 1411 245 1496 depastos
270 1414 371 1478 vitam
399 1412 588 1477 horribilem
616 1435 769 1497 pecorum
797 1435 887 1477 more
915 1415 1105 1498 transigere.

95 1501 162 1568 Aut
179 1524 244 1569 nou
263 1502 350 1568 idem
368 1502 437 1586 lupi
454 1501 587 1581 faciunt,
608 1503 724 1586 quibus
743 1524 817 1567 oum
837 1523 966 1567 earnem
984 1504 1105 1587 praeda

54 1610 80 1653 rs
93 1613 159 1657 non
182 1591 337 1678 suggerit,
360 1594 486 1656 terreno
511 1591 582 1656 cibo
606 1591 731 1655 rabiem
754 1590 851 1656 famis
876 1597 1036 1676 eoguntur
1056 1615 1106 1656 ex-

93 1680 217 1766 plere?
240 1678 332 1758 Quod
356 1681 383 1744 si
406 1680 518 1744 liceret
536 1702 594 1744 vos
619 1681 654 1744 in
677 1683 806 1745 nostras
827 1680 967 1764 migrare
991 1684 1105 1759 terras,

91 1770 237 1854 profecto
266 1768 475 1853 philosophia
503 1774 629 1834 vestrae
658 1769 810 1853 penuriae
838 1769 1025 1833 nullatenus
1057 1791 1105 1833 re·

93 1858 283 1941 quireretur,
307 1856 419 1921 sedin
443 1857 509 1922 suis
532 1857 661 1922 deserta
684 1858 803 1922 finibus
827 1858 1024 1940 inhaereret3
1050 1864 1106 1923 aut

92 1946 121 2011 si
148 1968 209 2012 nos
237 1948 272 2011 in
294 1950 418 2010 vestras
447 1946 537 2011 sedes
560 1947 700 2012 transire
728 1967 911 2030 possemus,
941 1947 1105 2030 sapientes

51 2056 78 2097 ao
92 2035 205 2121 inopes
231 2034 444 2100 redderemur.
491 2034 593 2111 Quem
621 2037 746 2100 exulem
773 2057 840 2099 non
868 2035 979 2097 statim
1008 2035 1106 2099 eomi-

91 2127 181 2188 tatur
200 2123 421 2189 continentia?
443 2145 525 2207 quae
546 2125 574 2188 si
593 2126 681 2189 venit
700 2147 739 2187 ex
758 2123 903 2205 arbitrio,
922 2123 1025 2185 virtus
1046 2128 1106 2206 est,

92 2211 120 2277 si
144 2233 184 2276 ex
207 2212 352 2297 imperio,
375 2233 488 2296 poena.
533 2213 622 2298 Ergo
646 2234 710 2277 non
733 2212 767 2274 in
790 2210 950 2294 angustiis
975 2213 1007 2272 et
1032 2230 1104 2291 ege-

92 2303 187 2387 state,
210 2301 273 2366 sed·
289 2303 323 2365 in
347 2301 514 2384 opulentia
532 2303 750 2385 temperanter
767 2298 886 2363 vixisse
905 2295 1104 2395 laudandum

92 2394 150 2455 est.
206 2389 362 2474 Alioquin
390 2390 528 2454 caecitas
558 2395 590 2454 et
616 2390 789 2472 paupertas
822 2384 911 2449 solae
943 2386 1103 2448 virtutum

53 2499 79 2542 as
93 2478 233 2565 gloriam
257 2479 449 2562 sortiuntur,
472 2478 536 2542 ista
559 2478 635 2562 quia
657 2473 853 2557 nonhabet,
876 2492 940 2573 quo
964 2471 1129 2572 truatur,

93 2569 160 2650 illa,
184 2568 348 2653 quianon
372 2565 467 2648 videt,
490 2570 527 2629 ut
546 2566 663 2648 oupiat.
704 2562 911 2626 Feminarum
929 2564 1030 2645 rgrtur
1053 2583 1104 2625 ve-

184 2777 345 2848 lpoteritis
364 2776 399 2832 R.
436 2791 487 2831 nee
509 2775 601 2844 gloria
619 2774 650 2828 P.
683 2774 732 2828 sed
755 2773 846 2842 gloria
870 2772 946 2828 LR.
981 2773 1029 2827 sed
1052 2788 1103 2826 neo

94 2851 186 2923 gloria
203 2851 239 2905 B.
309 2855 401 2904 anon
419 2863 468 2902 om.
488 2847 524 2900 R.
597 2845 740 2900 3affirm0
760 2845 794 2900 B.
868 2843 975 2915 5Nec]
995 2860 1050 2898 non
1069 2843 1104 2899 R.

94 2929 111 2978 6
130 2923 261 2978 mandere
280 2924 371 2976 terrae
391 2918 426 2974 R.
465 2923 480 2973 'l
499 2917 629 2971 arborum
648 2933 698 2972 om.
714 2917 750 2972 R.
776 2916 873 2971 vestiri
892 2917 928 2971 B.
967 2922 982 2970 9
1002 2918 1104 2970 ferrum

95 2996 125 3050 et
142 2993 287 3049 metallum
308 2992 342 3047 Β.
421 2994 453 3043 11
473 2989 578 3059 autem]
598 2988 672 3043 enim
692 2988 725 3041 L.
752 2986 947 3058 negotiatione
965 2988 1104 3042 Bissoeas

94 3063 313 3136 negotiationem
329 3062 405 3117 codd.
429 3059 560 3129 poteritis
574 3059 609 3114 R.
655 3064 687 3112 12
707 3059 787 3113 vobis
802 3059 837 3113 R.
876 3063 909 3112 13
929 3057 1053 3126 depastis
1068 3058 1103 3110 B.

94 3152 173 3193 more
192 3153 242 3192 om.
262 3135 296 3190 L.
336 3138 368 3187 14
387 3149 450 3187 oum
469 3147 518 3187 orn.
538 3131 572 3185 L.
612 3135 643 3183 16
663 3146 713 3184 vos
733 3146 784 3183 om.
803 3130 837 3183 R.
865 3129 945 3183 vobis
964 3129 1102 3182 Bissoeus.

96 3213 128 3264 17
147 3205 343 3277 philosophiae
361 3205 471 3258 vestrae
490 3202 607 3271 penuria
624 3201 660 3255 B.
703 3205 735 3254 19
755 3199 894 3268 sapientia
913 3199 947 3252 R.
990 3203 1024 3278 20
1043 3199 1104 3250 red·

95 3279 223 3333 daremus
243 3277 315 3332 PB.
345 3274 439 3346 quem]
459 3291 514 3342 quo
534 3273 567 3329 P.
603 3278 638 3327 22
656 3270 787 3340 imperio]
807 3269 925 3338 penuria
944 3268 976 3323 P.
1005 3286 1033 3319 rn
1052 3283 1101 3320 om.

96 3349 172 3406 P.ll.
236 3354 270 3403 23
289 3349 444 3417 temperate
463 3345 498 3400 R.
562 3349 597 3399 24
616 3344 692 3398 solae
710 3341 746 3395 R.
775 3341 864 3394 solem
884 3340 915 3392 L
926 3339 958 3393 P.
988 3337 1048 3417 sola
1066 3336 1101 3390 B.

94 3426 129 3476 26
146 3420 202 3475 ista
219 3419 287 3489 quia
305 3424 351 3475 elo.
368 3417 403 3474 R.
432 3415 646 3471 ista-fruatur
660 3430 710 3469 om.
725 3412 759 3466 L.
788 3411 840 3464 illa
858 3426 924 3489 qura
942 3424 998 3462 non
1017 3406 1101 3487 videt,

94 3491 150 3547 ista
164 3492 231 3560 quia
244 3506 300 3546 non
313 3491 408 3557 habet,
421 3490 454 3542 ut
469 3487 565 3558 cupiat
573 3487 609 3542 B.
637 3486 688 3540 illa
702 3484 767 3552 quia
781 3497 837 3536 non
853 3480 938 3547 videt,
953 3483 984 3532 ut
999 3481 1101 3546 cuprat,

94 3563 150 3618 ista
169 3563 235 3632 quia
253 3560 415 3617 necessariis
434 3559 510 3614 vitae
530 3554 728 3613 sustentaculis
747 3554 824 3609 earet
843 3555 870 3606 P.
