2362 3938
198 172 378 246 EPISTOLA
396 171 610 228 ALEXANDRI
628 170 678 227 AD
697 172 965 232 ARISTOTELEM.
1023 173 1085 239 199

74 341 182 401 eastra
212 335 246 399 in
274 339 409 420 longum
437 336 557 419 viginti
586 336 726 420 quinque
754 336 860 401 stadia
888 337 1087 423 totidemque

73 426 108 488 in
127 426 229 489 latum
249 424 408 490 collocare
427 424 516 489 iussi.
550 423 673 500 Quibus
694 425 840 489 celeriter
859 426 974 490 erectis
993 426 1087 491 iubeo

74 514 165 578 caedi
188 535 313 597 nemus,
335 516 372 576 ut
389 511 517 577 facilior
537 513 746 596 aquatoribus
770 517 856 578 esset
876 535 1023 579 accessus
1048 515 1087 579 ad

74 607 239 685 stagnum,
264 602 349 686 quod
368 602 498 666 unicum
522 602 555 666 in
575 601 640 666 illis
659 601 847 687 regionibus
867 605 945 669 erat.
981 602 1087 687 Igitur

73 692 159 754 inter
181 691 254 775 ipsa
276 690 419 755 tentoria
438 690 702 775 aggregabuntur
720 690 951 774 impedimenta
974 694 1006 755 et
1025 692 1112 756 ele-s

73 780 189 863 phanti
212 780 301 842 etin
324 778 430 842 media
453 783 634 843 castrorum
655 783 748 863 parte
771 779 1027 862 collocabantur,
1050 783 1087 845 ut

74 869 180 952 aptius
211 867 371 932 contineri
401 871 548 952 possent,
582 867 611 932 si
643 867 715 952 quis
747 871 907 933 nocturno
939 871 1085 951 tempore

73 958 213 1020 oriretur
235 977 338 1039 pavor
360 956 581 1039 tumultusque
610 956 727 1041 aliquis
750 978 867 1039 novus,
895 977 969 1021 cum
996 956 1086 1021 mille

73 1046 244 1128 quingenti
266 1045 358 1128 ignes
382 1045 581 1108 extrinsecus
606 1048 715 1110 essent
739 1046 879 1130 accensi,
905 1045 1085 1111 sufficiente

73 1135 156 1196 silva
180 1138 337 1217 quantum
361 1132 527 1198 vellemus.
1099 1152 1126 1193 io

162 1221 253 1285 Hora
272 1221 385 1285 deinde
405 1221 575 1286 undecima
593 1224 736 1287 testante
751 1222 869 1299 bucina
888 1223 996 1288 cibum
1014 1222 1085 1306 ipse

72 1309 143 1393 cepi
158 1315 190 1373 et
204 1310 363 1373 militibus
379 1310 458 1374 meis
478 1331 593 1392 capere
607 1310 773 1395 imperavi,
793 1311 937 1376 accensis
956 1310 1085 1397 lychnis

73 1399 178 1462 aureis
210 1398 381 1462 admodum
413 1398 580 1463 duodecim
610 1399 759 1483 milibus,
789 1421 861 1464 cum
892 1400 931 1464 ad
962 1401 1084 1483 primos

72 1487 168 1551 lunae
193 1487 358 1551 radiantes
383 1490 472 1551 ortus
497 1487 604 1551 subito
629 1487 742 1551 erectis
767 1487 941 1551 caudarum
964 1488 1083 1552 aculeis

73 1598 91 1639 a
123 1576 330 1658 pascualibus
363 1573 467 1639 Indici
500 1575 685 1659 scorpiones
717 1580 903 1640 consuetam
936 1579 1125 1659 petentes1⁵

72 1665 281 1746 aquationem
311 1664 350 1728 ad
382 1669 489 1728 castra
518 1664 678 1728 innumeri
708 1664 944 1746 confluxerunt,
974 1667 1084 1728 utrum

71 1754 214 1816 tumultu
237 1754 332 1817 acciti
355 1756 467 1816 nostro
493 1774 535 1816 an
558 1752 623 1835 siti,
646 1754 804 1817 incertum
829 1756 907 1836 erat,
931 1773 968 1816 ac
992 1753 1020 1816 si
1043 1753 1083 1816 ad

71 1841 251 1905 nocendum
272 1841 518 1924 promptissima
541 1843 626 1904 sunt.
663 1839 752 1904 Haec
770 1840 920 1926 prodigia
938 1841 1084 1905 insecuta

71 1935 120 1993 est
140 1931 297 1993 immensa
313 1930 360 1993 vis
380 1933 578 1993 cerastarum
597 1928 867 2012 humidorumqua
886 1929 1084 2012 serpentium

71 2019 168 2082 variis
193 2018 345 2082 distincta
373 2018 545 2082 coloribus.
590 2015 676 2081 Nam
706 2017 863 2101 quaedam
891 2015 1082 2082 rubentibus
1096 2037 1124 2076 ao

72 2107 215 2190 squamis
236 2111 336 2189 erant,
356 2106 513 2190 quaedam
532 2107 619 2190 nigri
639 2110 672 2170 et
690 2105 819 2170 candidi
838 2107 967 2190 coloris,
990 2128 1084 2191 quae-

72 2196 146 2259 dam
171 2196 243 2259 auri
266 2194 387 2277 fulgori
410 2194 594 2258 consimiles
617 2194 883 2277 inspiciebantur.
922 2193 1084 2259 Sibilabat

70 2287 141 2347 tota
165 2285 255 2366 regio
280 2305 346 2347 non
370 2304 504 2366 parvum
529 2283 624 2346 nobis
641 2283 822 2365 ,inferentes
846 2286 979 2349 metum.
1021 2282 1084 2349 Sed

70 2372 212 2436 frontem
236 2375 417 2436 castrorum
441 2371 652 2437 densaveram
676 2373 788 2457 clipeis
816 2376 849 2436 et
875 2373 909 2438 in
934 2372 1084 2438 manibus

70 2461 188 2545 longas
208 2461 409 2525 habebamus
428 2460 551 2544 hastas,
575 2482 711 2544 quarum
731 2461 929 2526 acutissimis
949 2462 1082 2545 spiculis
1097 2479 1124 2520 2⁵

71 2551 175 2612 malas
190 2553 298 2631 pestes
314 2548 566 2632 configebamus,
584 2552 617 2612 et
636 2549 765 2634 ignibus
779 2549 890 2634 plures
909 2549 1082 2634 aliquando

70 2638 275 2702 necabamus.
327 2637 417 2712 Quae
444 2658 496 2700 res
525 2659 584 2702 nos
613 2660 717 2723 prope
743 2639 821 2703 duas
851 2639 950 2704 horas
981 2639 1014 2703 in
1044 2660 1082 2703 eo

72 2747 168 2808 opere
198 2726 355 2790 sollicitos
386 2726 500 2788 tenuit.
553 2726 672 2790 Putate
704 2749 789 2811 aqua
822 2728 963 2792 minores
994 2728 1083 2791 abire

72 2819 259 2897 coeperunt,
288 2819 453 2897 serpentes
478 2817 587 2878 autem
615 2815 754 2879 maiores
778 2837 851 2879 cum
878 2816 1003 2899 ingenti
1026 2837 1081 2879 no·

72 2908 140 2966 stro
165 2903 283 2986 gaudio
306 2903 451 2966 latebras
475 2903 647 2985 petierunt.
1096 2919 1122 2959 80

161 3111 301 3181 lviginti
324 3111 460 3182 quinque]
483 3110 561 3164 XXIl
585 3111 623 3165 H.
697 3109 870 3164 acollocari
895 3110 931 3164 H.
1006 3109 1082 3164 3ad

72 3184 200 3252 stagnum
221 3181 308 3253 quod]
329 3184 364 3237 ad
384 3183 486 3237 flumen
505 3181 571 3251 quia
589 3180 634 3235 H:
665 3183 681 3232 5
701 3179 906 3249 aggerebantur
922 3180 960 3235 H.
998 3184 1012 3233 7
1033 3197 1082 3234 no·

72 3256 185 3308 cturnus
205 3270 285 3307 casus
300 3253 338 3308 H.
381 3259 479 3308 8oum
497 3251 555 3306 iam
569 3251 608 3306 H.
652 3256 684 3305 11
704 3259 733 3305 et
750 3251 864 3320 ipseH.
909 3255 940 3304 12
959 3250 1081 3320 lychnis]

71 3324 248 3395 lampadibus
269 3324 307 3378 H.
366 3329 397 3377 13
417 3323 576 3394 duodecim]
597 3322 705 3376 duobus
724 3322 761 3375 H.
825 3326 856 3375 15
875 3319 962 3375 indici
981 3321 1013 3375 G.
1041 3319 1083 3374 in·

72 3397 139 3450 dicis
153 3397 188 3449 L.
196 3396 226 3448 V.
235 3395 320 3448 affl.
341 3394 447 3448 indices
463 3395 491 3448 0.
500 3394 532 3448 P.
572 3400 605 3448 16
624 3395 718 3447 utrum
732 3409 783 3446 om.
798 3392 837 3447 H.
876 3397 908 3446 17
928 3409 960 3446 ac
975 3392 998 3446 si
1013 3392 1082 3447 mV.

72 3468 120 3519 aut
138 3468 161 3520 si
183 3466 250 3521 0.P.
278 3466 327 3519 sed
346 3466 384 3519 H.
451 3469 483 3519 18
502 3463 708 3533 promptissimi
726 3465 806 3518 erant
823 3463 862 3518 Η.
927 3469 960 3517 22
979 3463 1085 3535 fulgori

75 3537 105 3591 G.
114 3539 155 3592 M.
164 3538 202 3592 H.
231 3535 350 3606 fulgoris
370 3536 437 3591 0.P.
467 3536 559 3590 colore
578 3535 611 3589 L.
685 3540 719 3588 24
738 3534 923 3590 densabamus
941 3534 981 3591 H.
