2362 3938
89 173 151 238 168
503 174 612 229 LIBER
629 177 676 232 111.

86 341 119 402 et
149 337 320 401 Ammonis
351 341 573 423 consecretur,
602 337 767 405 Minervae
797 341 896 405 etiam
926 346 959 405 et
990 342 1098 407 Olvm·

85 424 200 509 piadis,
223 425 338 489 matris
362 447 462 511 meae,
484 447 633 491 necnon
658 428 757 492 etiam
780 427 931 513 Philippi.
979 412 1099 495 Omnes

86 513 185 579 etiam
208 517 374 580 curatores
400 515 529 598 imperii
552 515 711 600 imagines
735 521 923 582 consecrent
947 525 980 583 et
1005 522 1101 604 signa

86 604 298 688 constituant,
322 625 419 669 aurea
442 603 572 687 quidem
595 604 681 687 apud
701 603 855 689 Delphos,
879 608 997 672 ceteris
1020 629 1098 671 vero

59 692 122 756 sin
149 692 229 757 locis
257 693 412 758 materiae
441 691 596 758 diversae.
642 691 805 758 Constitui
834 698 943 760 autem
972 694 1098 779 effigies

88 780 682 935 tltltd‘tddrtitt
711 782 1100 937 Attttrdtltrr

88 892 264 1024 hoiioribus
292 920 587 1026 donsecrabuirtur.2
619 892 690 1023 pEpt
703 892 784 1024 hirec
812 961 941 1044 quidem
969 983 1099 1025 summa

87 1048 264 1112 voluntatis
288 1047 463 1113 Alexandri
487 1050 537 1111 est
559 1051 698 1131 accepta.

48 1154 74 1192 ¹0
177 1134 236 1202 60.
256 1135 347 1200 Vixit
366 1140 474 1200 autem
494 1157 597 1201 annos
616 1134 755 1221 triginta
772 1139 805 1200 et
823 1140 898 1202 tres.
935 1134 999 1200 Sed
1046 1143 1159 1198 XXXV.

86 1225 257 1307 imperium
280 1224 355 1287 iniit
379 1245 498 1288 annum
524 1245 624 1310 agens
648 1228 798 1290 octavum
817 1225 983 1289 decimum.
1022 1224 1099 1290 Om-
1118 1229 1163 1280 93.

85 1332 143 1375 nes
163 1316 272 1376 autem
291 1311 499 1376 difficultates
524 1315 593 1377 eius
617 1335 719 1398 usque
744 1313 782 1377 ad
807 1334 909 1377 annos
929 1312 1047 1397 viginti
1067 1320 1100 1379 et

67 1400 225 1486 'quinque
248 1399 350 1482 fuere;
373 1401 498 1484 reliqua
520 1402 555 1464 in
574 1423 654 1484 pace
677 1402 847 1487 transegit.
884 1399 1007 1466 Gentes
1026 1403 1100 1467 bar·

86 1490 181 1554 baras
212 1488 332 1554 dicioni
361 1511 438 1554 suae
469 1488 616 1575 subiecit¹
638 1512 771 1556 numero
796 1491 915 1575 viginti
945 1495 977 1554 et
1007 1492 1099 1575 duas,

47 1594 72 1636 1⁵
88 1578 227 1644 Graecas
250 1599 326 1644 vero
355 1576 503 1643 sedecim.
547 1576 664 1643 Victor
686 1579 823 1662 totiens,
851 1579 1001 1662 quotiens
1030 1580 1100 1644 bel-

86 1669 184 1752 lator,
211 1667 301 1731 nullo
329 1667 454 1750 proelio
482 1666 715 1733 invulneratus.
760 1664 822 1732 Sed
850 1668 1000 1732 civitates
1025 1690 1100 1733 con·

86 1755 167 1820 didit
186 1755 365 1838 duodecim,
384 1777 496 1820 omnes
515 1754 646 1819 nomine
665 1777 724 1820 suo
744 1756 869 1820 seilicet
884 1760 1099 1840 nuncupatas,

86 1866 169 1928 quae
193 1849 270 1908 sunt
291 1843 370 1908 hae:
397 1842 611 1927 Alexandria,
634 1865 716 1928 quae
745 1844 876 1909 condita
899 1849 949 1910 est
970 1847 1100 1910 nomine

86 1931 292 2018 Bucephalae
303 1932 387 2017 equi,
397 1932 594 1997 Alexandria
608 1935 791 2017 montuosa,
802 1933 999 1999 Alexandria
1015 1935 1101 2017 apud

47 2040 73 2079 20
87 2021 217 2104 Porum,
239 2020 439 2086 Alexandria
461 2021 496 2086 in
519 2019 668 2105 Scythia,
690 2020 889 2085 Alexandria
913 2021 1101 2105 Babylonis,

87 2108 287 2174 Alexandria
311 2111 396 2194 apud
418 2108 635 2194 Massagetas,
663 2109 861 2174 Alexandria
885 2111 969 2193 apud
994 2113 1102 2194 Aegy-

86 2202 189 2282 ptum,
212 2198 411 2264 Alexandria
429 2199 514 2282 apud
534 2196 677 2282 Origala,
695 2197 895 2261 Alexandria
915 2198 1000 2278 apud
1021 2197 1101 2261 Gra-

86 2287 206 2366 nicum,
228 2287 428 2353 Alexandria
447 2286 532 2369 apud
552 2284 718 2370 Tigridem
736 2284 878 2365 fluvium,
899 2283 1101 2347 Alexandria
1123 2280 1132 2300 ¹

88 2375 173 2459 apud
196 2374 373 2457 Troadem,
399 2374 598 2439 Alexandria
626 2372 711 2458 apud
734 2369 902 2452 Sanctum,
930 2371 981 2433 cui
1005 2371 1099 2452 quin-

48 2482 74 2522 ae
88 2486 149 2550 que
178 2463 374 2548 primorum,
404 2467 442 2527 ut
470 2463 592 2527 dietum
622 2464 687 2545 est,
716 2461 949 2525 elementorum
967 2457 1099 2524 'ideirco

88 2557 164 2617 sunt
182 2551 259 2615 data
282 2551 424 2629 nomina,
448 2554 484 2614 ut
503 2551 537 2614 in
555 2549 644 2613 hisce
663 2549 894 2613 elementorum
912 2547 1099 2612 nominibus

87 2643 260 2726 legeretur:
283 2639 466 2704 Alexander
487 2636 672 2722 Imperator
695 2636 802 2701 Genus
825 2634 913 2699 lovis
938 2632 1100 2701 Condidit.

89 2729 206 2795 Obitus
229 2732 339 2792 tamen
368 2729 436 2792 eius
460 2727 543 2791 diem
573 2727 672 2790 etiam
694 2746 779 2789 nune
802 2724 1022 2790 Alexandriae
1050 2748 1101 2789 sa·

89 2819 306 2884 cratissimum
329 2817 461 2882 habent.

180 3016 196 3064 8
216 3024 339 3064 summae
358 3009 393 3062 A.
467 3013 482 3060 9
502 3008 619 3061 acce‘ta
637 3021 687 3060 om.
707 3005 739 3058 P.

179 3081 227 3137 60.
248 3078 423 3134 resederim
437 3078 473 3134 A.
483 3077 516 3132 P.
540 3079 569 3131 ιδ
594 3077 690 3132 Graec.
723 3075 812 3131 Verba
832 3076 1103 3131 ‘Victor—invulne-

89 3153 178 3208 ratus’
198 3169 248 3206 oro.
264 3153 299 3204 A.
328 3149 456 3218 quotiens
475 3150 582 3218 scripsi.
611 3151 681 3216 quot
693 3148 726 3200 P.
770 3153 802 3201 16
823 3148 955 3202 Condidit
974 3146 1102 3200 civitates

89 3224 149 3278 eius
166 3222 219 3276 XII
232 3223 266 3276 P.
352 3227 385 3274 18
403 3219 473 3274 heae
493 3220 569 3274 ΑΡ.
652 3223 686 3272 20
705 3218 735 3272 in
754 3217 869 3286 Scythia
889 3219 924 3272 A.
951 3216 1051 3269 insicia
1070 3218 1102 3270 P.

89 3299 124 3347 24
143 3292 189 3346 cui
202 3292 237 3346 A.
247 3293 280 3346 P.
309 3290 410 3360 quibus
429 3291 501 3345 Mai.
599 3296 633 3344 26
652 3290 681 3343 in
700 3288 744 3342 his
763 3289 797 3343 P.
896 3294 929 3341 27
951 3287 1025 3356 Quae
1041 3294 1104 3353 post

90 3364 253 3434 ‘legeretur'
274 3367 340 3418 scat
357 3365 389 3417 io
407 3362 455 3429 A„
473 3379 522 3416 om.
541 3361 574 3416 P.

179 3436 220 3488 Ira
238 3434 273 3488 A.
292 3435 410 3489 sabaea:
433 3431 556 3502 Explicit
576 3430 645 3485 Obit
663 3429 823 3485 Alexandri.
860 3427 963 3495 Incipit
985 3426 1101 3479 Itinera-

89 3503 161 3558 rium
181 3505 322 3560 Eiusdem.
