2362 3938
116 189 181 255 132
459 184 792 242 81111118111881

112 337 249 400 cantibus
273 339 303 396 18
327 353 447 396 somnos
469 337 583 414 ingenti
606 333 762 396 88188181)
785 351 869 393 orno.

114 426 187 487 haec
210 425 278 486 tibi:
302 443 371 485 nam
394 424 493 485 Furiis
517 424 613 502 adque
636 425 700 528 ipsi·
717 431 818 485 cetera
840 417 972 484 mando'
1082 435 1122 484 118
1174 484 1179 501 ,

160 514 238 574 Tum
263 521 367 575 contra
390 512 535 616 aligerum
557 519 653 572 mater
676 513 719 572 818
743 512 824 572 18181
846 511 1005 573 Annonam:
1177 510 1179 529 ²

116 598 185 664 nec
208 602 276 682 tibi,
300 620 369 664 cum
392 603 505 681 primos
529 601 668 680 adgressa
691 618 724 660 es
746 599 872 660 flectere
896 617 1005 692 sensus

115 693 242 770 uirginis
264 650 425 769 lgnotaque
449 692 581 750 animum
604 691 777 768 contingere
800 707 883 769 cura,

115 778 281 859 defuimus,
305 779 372 839 data
396 780 539 839 continuo
562 778 636 856 quin
658 776 776 857 cingula
799 777 855 838 soli

119 875 222 930 nostra
246 827 314 947 tibi,
337 869 405 945 quis
428 874 508 927 mota
531 866 596 926 loco
619 865 822 945 labefactaque
847 868 947 927 cessit.
1086 875 1129 925 118

118 957 192 1017 118111
215 957 287 1017 88118
311 963 370 1037 881,
394 954 447 1016 sed
469 973 517 1015 me
540 956 604 1034 ipsa
627 973 716 1036 opus,
739 962 770 1015 81
793 956 968 1016 cunctantia
988 961 1112 1034 poscunt

118 1052 240 1124 pectora
263 1062 310 1103 me
335 1042 503 1123 dubiusque
526 1043 715 1122 pandoniam
738 1043 859 1103 foedera
882 1043 949 1102 faxo

114 1132 270 1192 Haemonii
292 1138 374 1209 petat
397 1133 462 1210 ipsa
484 1133 544 1191 uiri
567 1139 740 1210 metuatque
763 1133 883 1193 morari.

114 1228 148 1280 18
171 1220 235 1279 1888
258 1219 400 1278 luciferae
425 1221 503 1280 citus
526 1218 562 1278 ad
586 1219 710 1280 delubra
732 1219 841 1281 Dianae

115 1308 269 1386 deueniat,
293 1323 392 1366 sacras
416 1307 502 1368 solita
526 1315 573 1368 est
595 1307 648 1369 ubi
671 1308 797 1369 fundere
820 1308 922 1369 taedas
1087 1318 1133 1368 180

116 1394 234 1456 Colchis
258 1402 289 1455 et
311 1393 427 1473 aequali
450 1394 601 1456 dominam
624 1396 752 1458 lustrare
776 1405 904 1458 caterua.
964 1447 968 1455 .

118 1502 175 1545 nec
198 1491 227 1544 te
252 1500 332 1544 nunc
354 1482 482 1546 Hecates
505 1483 611 1547 subeat
633 1493 745 1567 metus,
768 1494 819 1547 881
841 1503 907 1546 mea
930 1485 1010 1546 forte

119 1572 261 1652 impediat
284 1591 322 1633 ne
346 1581 451 1653 coepta
474 1575 555 1634 time.
601 1576 674 1653 quin
697 1574 804 1635 audeat
827 1582 911 1653 opto:

118 1663 261 1722 continuo
285 1660 424 1724 transibit
447 1680 542 1744 amor,
567 1670 715 1741 cantuque
739 1663 873 1741 trilingui

116 1752 211 1828 ipsam
233 1749 426 1820 flammiferos
449 1769 553 1829 cogam
577 1769 758 1830 conpescere
782 1759 885 1812 tauros
1087 1760 1136 1810 185

116 1836 343 1917 amplexumque
367 1846 418 1917 pat
405 1834 449 1899 t.i’
495 1839 652 1900 uolucrem
674 1838 749 1900 1888
773 1841 879 1918 arripit
901 1838 965 1898 Irin

116 1927 315 2005 festinamque
338 1925 423 1988 iubet
445 1929 566 1987 monitis
589 1946 695 2007 parere
718 1927 829 1989 Diones

117 2023 148 2077 et
170 2017 312 2076 iuuenem
335 2015 497 2077 Aesonium
518 2015 682 2108 praedicto
697 2018 803 2078 sistere
826 2015 904 2077 luco.

116 2105 254 2182 protinus
277 2103 347 2163 hinc
371 2102 427 2164 1118
450 2103 576 2185 Minyas,
602 2081 748 2184 Cytherea
770 2107 878 2185 petiuit

75 2257 78 2262 ,
118 2191 271 2271 Colchida;
295 2191 452 2253 Caucaseis
475 2192 656 2271 speculatrix
679 2193 753 2253 luno
776 2192 887 2254 resedit
1088 2203 1138 2252 190

117 2279 257 2360 rupibus,
281 2282 424 2341 attonitos
446 2282 573 2342 Aeaea
564 2299 596 2341 m
619 2284 736 2342 moenia
759 2281 861 2343 881188

116 2386 230 2447 speque
249 2375 395 2446 metuque
419 2377 526 2430 tenens
550 2376 580 2429 et
603 2369 699 2431 adhuc
722 2372 824 2449 ignara
847 2370 973 2431 181811.Ι

160 2455 217 2515 Uix
238 2459 350 2534 primas
373 2456 489 2516 occulta
512 2455 613 2518 Venus
635 2467 830 2537 prospexerat
852 2476 946 2538 arces,

119 2544 245 2620 uirginis
269 2561 338 2602 ecce
362 2560 461 2604 nouus
484 2553 615 2604 mentem
637 2549 841 2626 perstringere
865 2547 991 2626 languor

117 2631 235 2709 incipit3
258 2632 442 2709 ingeminant
466 2635 623 2693 commotis
647 2633 804 2712 questibus
827 2643 936 2696 aestus.
1087 2645 1138 2694 195

120 2736 192 2796 ergo
216 2720 327 2779 iterum
350 2736 457 2780 sensus
480 2721 581 2781 uarios
604 2738 696 2800 super
719 2722 836 2802 hospite
859 2722 987 2785 uoluens

116 2815 230 2868 maeret
252 2814 283 2867 et
302 2806 418 2868 absenti
441 2811 623 2889 nequiquam
646 2809 715 2870 talia
739 2812 832 2873 fatur:

111 2890 232 2957 Υ’8111111
254 2895 433 2974 Thessalicis
456 2916 537 2959 nunc
560 2906 591 2959 et
614 2906 666 2961 tua
688 2900 766 2963 forte
789 2903 915 2962 uenenis

117 2992 214 3046 mater
237 2993 267 3045 et
290 2984 364 3066 heu,
387 2989 473 3065 siqua
496 2996 554 3068 est,
576 2997 680 3067 posset
703 3007 881 3051 succurrere
905 2988 1049 3050 coniunx!

118 3073 229 3150 quidne
253 3080 321 3134 tuos
345 3076 431 3154 uirgo
454 3079 567 3156 possim
590 3079 649 3138 nisi
670 3078 743 3138 llere
766 3073 906 3139 labores?
1087 3089 1138 3137 888

116 3178 173 3221 888
197 3163 282 3241 88118;
304 3164 369 3241 ipsa
392 3166 482 3224 etiam
504 3183 591 3226 casus
615 3174 750 3245 spectare
775 3185 932 3246 supremos

118 3246 214 3327 adque
238 3252 350 3311 iterum
372 3250 464 3312 durae
488 3270 578 3332 cogar
601 3272 702 3315 comes
724 3257 769 3315 ire
793 3259 899 3317 sorori.

118 3341 148 3392 et
171 3353 251 3396 nunc
274 3337 323 3398 ille
347 3357 401 3399 888
424 3359 485 3400 888
509 3359 689 3420 quemquam
712 3350 792 3404 sorte
816 3346 941 3421 moueri,

118 3438 178 3480 non
202 3423 296 3485 811881
319 3429 490 3488 meminisse
513 3436 612 3509 putat,
636 3449 764 3509 cumque
787 3429 926 3490 omnibus
950 3431 1013 3492 odit

118 3527 165 3568 me
189 3528 317 3591 quoque.
364 3515 509 3593 siquando
529 3517 621 3577 fuerit
643 3526 743 3578 tamen
766 3516 825 3577 ulla
847 3522 990 3595 potestas,
1086 3531 1139 3580 888
