2376 3938
404 176 534 232 oenus
552 174 775 234 mnxlunar.
904 138 908 145 ’
1031 176 1093 243 151

82 361 231 405 exorsus:
259 338 465 418 ‘Numnamf
489 339 608 424 iuquit,
638 339 728 425 tibi,
751 338 949 425 Alexander,
977 340 1095 406 mirum

82 434 134 494 est
163 430 197 492 in
226 432 293 492 tam
324 427 502 512 longinquo
532 429 586 492 dei
615 427 711 492 huius
741 429 960 511 praesentiam
989 428 1094 493 visam

69 517 178 582 esse?
211 518 265 581 sed
295 516 380 581 idem
411 516 530 600 ubique
561 519 651 581 totus
674 537 721 580 aa
748 537 901 600 praesens
931 515 1007 600 est',
1040 518 1094 583 ait.

81 605 189 682 ‘Quod
212 605 298 669 enim
322 605 404 669 caeli
427 604 567 670 ambitus
590 603 709 688 ubique
732 604 933 688 praestiterit
959 605 1094 690 homini,

81 695 116 758 id
139 695 235 758 huius
259 714 386 778 quoque
411 693 553 758 numinis
576 693 640 776 vis,
665 713 744 774 quae
770 715 946 778 numquam
971 691 1121 763 frustras

81 782 183 847 veluti
206 803 264 866 per
287 782 469 846 absentiam
492 780 688 866 requiritur?
733 782 817 847 Tum
834 779 1019 846 Alexander
1043 802 1094 846 oo-

81 872 245 936 oasionem
276 871 343 934 veri
382 870 533 955 audiendi
574 875 665 934 ratus
708 871 859 954 protinus
900 870 1094 953 sciscitatur,

82 963 239 1043 quantum
269 959 331 1023 sibi
361 959 401 1023 ad
428 959 514 1023 vitae
547 959 654 1042 spatia
685 960 898 1042 polliceretur.
949 957 1011 1024 Sed
1039 957 1093 1024 Se·

82 1048 250 1113 sonohosis
286 1047 348 1111 ‘nt
383 1049 457 1111 ante
490 1047 557 1111 iam
587 1047 709 1112 dietum
739 1046 821 1131 est,'
852 1047 974 1133 inquit,
1004 1045 1094 1133 ‘tibi‚

80 1136 162 1201 nihil
182 1136 308 1200 homini
329 1135 533 1201 commodare
551 1136 810 1222 praescientiam,
829 1143 927 1221 quam
945 1136 1093 1221 requiris.
1108 1157 1134 1198 ro

82 1224 207 1308 Quippe
236 1225 358 1288 viventi
389 1225 427 1288 de
457 1225 543 1289 vitae
573 1224 712 1290 termino
740 1228 849 1291 ratum
877 1225 982 1291 dicere
1009 1224 1093 1291 nihil

82 1313 170 1377 aliud
202 1317 252 1376 est
284 1335 381 1396 quam
412 1314 548 1398 longum
580 1335 760 1379 maerorem
798 1314 828 1378 ei
862 1316 895 1378 et
926 1318 1094 1400 perpetem

82 1401 272 1484 eontulisse;
303 1423 392 1484 spem
421 1423 497 1466 vero
526 1401 655 1465 vivendi
682 1402 815 1486 perinde
842 1402 914 1466 fieri
941 1402 1092 1488 longissi-

81 1512 180 1573 mam,
203 1491 231 1553 si
248 1490 472 1573 praesentibus
490 1489 664 1574 perfruere.
710 1489 804 1565 Quod
827 1511 905 1576 ergo
929 1494 1022 1556 tuum
1045 1494 1095 1555 est

82 1601 120 1643 aa
144 1578 337 1643 beatitudini
360 1582 436 1643 tuae
462 1578 601 1662 proficit,
623 1579 701 1643 urbs
723 1579 898 1662 tellusque,
921 1599 1018 1662 quam
1042 1578 1093 1642 de·
1108 1598 1134 1641 rs

81 1668 200 1752 legisti,
225 1668 288 1731 erit
306 1667 394 1730 orbis
413 1667 590 1749 inlustrior,
614 1688 714 1751 eoque
733 1667 797 1731 tibi
814 1688 899 1731 nuno
923 1670 956 1731 et
978 1666 1011 1730 in
1036 1686 1094 1750 po-

82 1761 205 1821 sterum
224 1777 288 1819 una
307 1756 369 1820 erit
389 1755 533 1821 omnium
547 1755 728 1838 veneratio;
747 1755 825 1819 deus
844 1754 983 1838 denique
1002 1776 1093 1839 prae-

82 1844 209 1909 sidebit.
252 1842 312 1908 His
337 1843 435 1909 etiam
458 1843 602 1926 laeteris,
623 1843 651 1909 si
669 1843 837 1909 hominem
858 1841 1094 1911 demutaveris.'

82 1932 163 1999 Post
190 1933 251 1996 hoe
277 1953 470 2015 responsum
498 1934 531 1996 et
559 1953 685 2017 sacrum
709 1930 893 1996 Alexander
919 1931 1007 1995 haud
1035 1931 1094 1995 dif-

80 2022 165 2086 ficile
193 2021 232 2085 ad
262 2021 437 2086 exercitum
461 2020 549 2085 venit
572 2017 738 2085 (laudares
762 2041 881 2086 corona
904 2023 937 2085 et
960 2018 1094 2104 insigni·
1107 2041 1134 2082 so

82 2111 142 2174 bus
166 2114 322 2192 comptus.

170 2195 227 2261 44.
256 2197 415 2282 Eximque
444 2197 484 2262 ad
508 2197 692 2262 Amazonas
719 2197 766 2262 ire
793 2196 943 2281 festinat,
970 2196 1011 2262 ad
1060 2201 1146 2261 XXV.

82 2309 163 2371 quas
197 2287 378 2369 praemittit
414 2286 540 2351 litteras
578 2286 611 2349 in
649 2285 736 2349 huno
772 2285 904 2351 modum
937 2286 1093 2370 scriptas:
1112 2287 1157 2342 ⁶9·

83 2374 263 2440 ‘Victorias
296 2379 426 2439 nostras
456 2377 489 2438 et
518 2375 554 2438 in
583 2373 720 2439 Darium
756 2375 842 2440 bella
880 2375 1028 2461 eximque
1059 2374 1094 2439 in

82 2464 172 2547 alios,
194 2465 230 2528 ia
249 2485 467 2548 quoscumque
490 2463 711 2549 militavimus,
734 2465 855 2549 glorias
874 2463 961 2529 haud
980 2462 1093 2528 dubito
1107 2483 1134 2525 rs

81 2553 176 2619 vobis
189 2553 295 2616 famae
314 2551 417 2636 ipsius
432 2551 709 2637 magnificentiam
727 2552 977 2618 commendasse.
1006 2551 1094 2618 Nam

82 2644 115 2704 et
134 2640 210 2706 Pori
232 2640 398 2706 fortunam
423 2644 455 2705 et
477 2640 540 2704 iter
558 2643 708 2706 nostrum
731 2641 766 2706 in
785 2640 1031 2725 Oxydraoontas
1056 2660 1095 2704 ao

81 2728 282 2814 Bragmanas
305 2730 403 2815 digne
426 2728 527 2794 taceri
549 2750 616 2792 non
640 2729 795 2813 arbitron
818 2729 852 2794 in
874 2728 937 2794 hoo
960 2728 1094 2793 nomina

172 2909 187 2955 1
206 2902 347 2956 Numnam
361 2904 397 2957 A.
415 2920 473 2957 non
487 2904 518 2958 P.
567 2909 582 2956 2
602 2902 650 2957 dei
667 2903 750 2957 huius
765 2904 801 2957 A.
820 2901 943 2956 numinis
962 2901 1045 2954 huius
1060 2900 1093 2954 P.

82 2979 98 3026 3
122 2973 210 3028 Verba
227 2973 288 3027 ‘sed
302 2974 439 3028 idem-6
453 2973 615 3043 requiritur’
637 2990 688 3028 om.
703 2973 734 3027 P.
780 2978 796 3026 5
815 2988 888 3040 quae
902 2972 997 3027 addid.
1014 2971 1096 3049 Mai,-

82 3045 128 3098 sed
151 3046 225 3099 locus
248 3046 372 3099 nondam
394 3051 508 3100 sanatas
531 3051 577 3100 est.
650 3050 666 3097 6
687 3042 862 3097 occasionem
880 3042 939 3096 vari
962 3039 1095 3095 audiendi

82 3117 160 3169 ratus
180 3132 229 3170 om.
252 3115 285 3168 P.
342 3114 485 3170 odietum
503 3116 558 3170 fuit
576 3116 620 3168 est
638 3114 674 3167 A.
708 3111 784 3167 dicit.
807 3112 852 3166 est
872 3112 905 3166 P.
962 3115 996 3165 10
1014 3125 1094 3178 prae·

83 3185 216 3241 scientiae
235 3190 270 3239 A.
340 3191 373 3238 11
394 3187 427 3240 de
446 3187 523 3241 vitae
541 3185 662 3239 termino
680 3182 716 3239 A.
745 3182 870 3237 debitum
888 3179 1040 3235 terminum
1060 3180 1094 3235 P.

84 3261 117 3310 14
135 3258 158 3312 si
173 3258 205 3312 P.
226 3274 255 3311 se
270 3257 305 3310 A.
344 3261 377 3309 15
397 3257 470 3312 orbis
488 3256 629 3323 tellusque
641 3254 675 3308 P.
728 3259 760 3308 16
780 3253 855 3308 orbis
871 3252 944 3306 Mai.
968 3250 1044 3305 urbis
1057 3251 1093 3306 A.

84 3328 163 3383 uobis
182 3329 214 3384 P.
290 3333 322 3382 18
341 3327 455 3382 laeteris
474 3328 510 3382 A:
539 3325 648 3381 litteres
667 3325 699 3379 P.
726 3323 839 3378 homine
857 3324 893 3377 A.

168 3397 216 3454 44.
245 3403 279 3453 25
297 3397 328 3452 in
352 3399 458 3453 addidi.
531 3405 566 3453 26
585 3395 795 3465 magnificentia
820 3395 854 3448 P.
929 3391 1036 3447 ariter
1059 3392 1094 3447 A.

86 3467 160 3522 inter
186 3469 220 3524 P.
255 3468 481 3538 Osyndraoontas
506 3470 542 3524 A.
579 3467 792 3538 symdraeontas
817 3468 846 3520 st
871 3462 1035 3520 dracmadas
1061 3465 1094 3522 P.

84 3543 118 3592 28
137 3539 222 3610 digna
242 3540 276 3596 P.
309 3540 423 3594 nomina
438 3541 546 3609 eripui.
574 3536 687 3594 nomine
705 3536 779 3591 AP.
