2362 3938
420 802 456 884 d.
484 799 660 884 lellltl
687 799 851 883 dinoci

290 977 981 1080 ARGONAUTIOON

426 1167 581 1286 urens
604 1166 845 1235 coranus

585 1347 692 1355 ι.-

130 1516 168 1573 dt
188 1509 335 1590 trepidam
364 1511 395 1569 in
418 1509 553 1570 thalamis
576 1518 606 1570 et
628 1511 687 1569 iam
710 1526 764 1569 sua
786 1509 862 1569 facta
883 1518 1044 1588 pauentem

132 1599 273 1661 Colchida
296 1600 375 1658 circa
399 1616 501 1658 omnes
523 1599 637 1676 pariter
659 1597 813 1676 furiaeque
836 1599 994 1678 minaeque

134 1690 228 1767 patris
250 1686 374 1767 habent3
396 1704 453 1746 nec
476 1685 606 1747 caerulei
629 1688 718 1747 timor
741 1688 879 1765 aequoris
902 1685 990 1768 ultra,

132 1794 189 1836 nec
213 1778 339 1835 miserae
363 1782 444 1835 terra
467 1773 526 1834 ulla
548 1773 667 1855 procul;
691 1791 896 1853 quascumque
918 1793 975 1854 per
997 1776 1091 1837 undas

133 1865 212 1925 lerre
235 1864 348 1944 fugam,
372 1880 590 1942 quamcumque
614 1864 698 1943 cupit
719 1863 779 1922 iam
802 1863 946 1923 scandere
968 1871 1144 1945 puppem'o

133 1952 236 2014 ultima
259 1953 404 2030 uirgineis
427 1959 499 2013 tunc
521 1950 597 2012 flens
620 1951 702 2012 dedit
724 1951 824 2011 oscula
847 1953 942 2033 uittis,

134 2059 269 2123 quosque
292 2040 369 2118 fugit
391 2039 534 2120 conplexa
557 2049 653 2121 toros,
677 2041 850 2119 crinemque
873 2057 1025 2123 genasque

135 2137 202 2190 ante
227 2130 419 2208 perantiqui
442 2131 553 2207 carpsit
574 2130 701 2208 uestigia
724 2130 828 2210 somni,

136 2220 224 2297 atque
248 2217 322 2277 haec
345 2218 482 2296 inpresso
506 2217 618 2295 gemuit
641 2216 807 2277 miseranda
830 2214 935 2278 cubili:

137 2302 167 2366 ‘o
189 2305 262 2367 mihi
286 2306 312 2365 si
333 2304 486 2387 profugae,
509 2307 639 2387 genitor,
657 2323 743 2368 >nunc
765 2304 845 2365 mille
870 2322 1028 2384 supremos
1120 2317 1151 2367 10

137 2393 303 2473 amplexus,
326 2392 430 2473 Aeeta,
452 2393 538 2453 dares
561 2393 708 2471 fletusque
731 2393 851 2454 uideres

139 2498 209 2542 ecce
233 2477 328 2540 meosl
351 2497 390 2539 ue
413 2479 515 2562 crede,
538 2488 635 2561 pater,
658 2498 718 2540 non
743 2483 840 2541 carior
862 2479 911 2541 ille
935 2489 991 2564 est,

137 2584 228 2648 quem
252 2568 420 2646 sequimur3
442 2567 564 2628 tumidis
587 2569 701 2628 utinam
724 2569 812 2629 simul
835 2568 946 2629 obruar
968 2568 1071 2632 undisl

140 2666 187 2740 tu,
210 2672 331 2737 precor,
353 2655 427 2715 haec
449 2654 535 2734 longa
558 2655 691 2737 placidus
713 2674 782 2717 mox
805 2665 923 2737 sceptra
946 2666 1067 2720 senecta

140 2755 204 2808 tuta
227 2762 313 2826 geras
335 2743 501 2823 meliorque
523 2743 579 2806 tibi
602 2747 641 2806 sit
660 2754 759 2806 cetera
781 2741 901 2826 proles?
1123 2756 1154 2807 15

142 2835 216 2897 dixit
239 2841 270 2896 et
292 2833 454 2895 Haemonio
477 2851 640 2914 numquam
664 2834 832 2915 spernenda
854 2836 960 2896 marito

141 2924 260 2985 condita
281 2922 406 2984 letiferis
428 2925 539 3003 promit
561 2924 755 2985 medicamina
779 2926 871 3006 cistis,

141 3014 353 3091 uirgineosque
377 3013 461 3075 sinus
483 3014 641 3092 ipsumque
665 3011 773 3073 mouile
796 3014 921 3073 uenenis

141 3099 275 3180 implicat
297 3118 331 3160 ac
355 3117 477 3161 saeuum
501 3118 592 3180 super
615 3099 753 3161 omnibus
776 3101 889 3162 addidit
911 3117 1022 3160 ensem.

142 3188 224 3269 inde,
246 3187 331 3249 uelut
353 3197 432 3248 torto
455 3187 614 3249 Furiarum
635 3186 736 3250 eiecta
758 3189 872 3269 flagello
1124 3198 1159 3248 20

141 3275 272 3352 prosilit:
296 3278 421 3336 attonito
447 3276 542 3354 qualis
564 3277 639 3356 pede
662 3275 780 3357 prosilit
802 3276 855 3337 lno

142 3363 175 3419 in
198 3362 274 3421 freta
297 3379 352 3422 nec
376 3366 463 3442 parui
486 3366 622 3425 meminit
643 3366 806 3425 conterrita
828 3364 900 3440 nati,

143 3465 232 3525 quem
256 3456 350 3528 tenet3
374 3457 541 3511 extremum
564 3453 692 3511 coniunx
714 3449 824 3529 premit
846 3448 955 3537 inritus
978 3447 1121 3511 Isthmon.
