<?xml version="1.0" encoding="UTF-8"?>
<!DOCTYPE html PUBLIC "-//W3C//DTD XHTML 1.0 Transitional//EN"
    "http://www.w3.org/TR/xhtml1/DTD/xhtml1-transitional.dtd">
<html xmlns="http://www.w3.org/1999/xhtml" xml:lang="en" lang="en">
 <head>
  <title>
</title>
<meta http-equiv="Content-Type" content="text/html;charset=utf-8" />
  <meta name='ocr-system' content='tesseract 3.04.00' />
  <meta name='ocr-capabilities' content='ocr_page ocr_carea ocr_par ocr_line ocrx_word'/>
</head>
<body>
  <div class='ocr_page' id='page_1' title='image "./domitiivlpianiq00huscgoog/domitiivlpianiq00huscgoog_0419.png"; bbox 0 0 2362 3938; ppageno 0'>
   <div class='ocr_carea' id='block_1_1' title="bbox 77 166 705 237">
    <p class='ocr_par' dir='ltr' id='par_1_1' title="bbox 77 166 705 237">
     <span class='ocr_line' id='line_1_1' title="bbox 77 166 705 237; baseline 0.003 -2"><span class='ocrx_word' id='word_1_1' title='bbox 77 182 192 236; x_wconf 79' lang='grc'>11111</span> <span class='ocrx_word' id='word_1_2' title='bbox 216 166 228 179; x_wconf 88' lang='grc'><strong>“</strong></span> <span class='ocrx_word' id='word_1_3' title='bbox 482 174 705 237; x_wconf 79' lang='grc'>6111611116</span> 
     </span>
    </p>
   </div>
   <div class='ocr_carea' id='block_1_2' title="bbox 80 326 1111 3571">
    <p class='ocr_par' dir='ltr' id='par_1_2' title="bbox 169 326 647 403">
     <span class='ocr_line' id='line_1_2' title="bbox 169 326 647 403; baseline 0.006 -18"><span class='ocrx_word' id='word_1_4' title='bbox 169 331 233 387; x_wconf 89' lang='grc'>595</span> <span class='ocrx_word' id='word_1_5' title='bbox 258 333 333 389; x_wconf 72' lang='lat' dir='ltr'>lotus</span> <span class='ocrx_word' id='word_1_6' title='bbox 356 326 475 403; x_wconf 82' lang='lat' dir='ltr'>scripsi:</span> <span class='ocrx_word' id='word_1_7' title='bbox 497 330 584 387; x_wconf 76' lang='lat' dir='ltr'>uolua</span> <span class='ocrx_word' id='word_1_8' title='bbox 605 328 647 388; x_wconf 89' lang='lat' dir='ltr'><strong>V.</strong></span> 
     </span>
    </p>

    <p class='ocr_par' dir='ltr' id='par_1_3' title="bbox 169 408 1021 489">
     <span class='ocr_line' id='line_1_3' title="bbox 169 408 1021 489; baseline 0.006 -14.012"><span class='ocrx_word' id='word_1_9' title='bbox 169 420 232 475; x_wconf 90' lang='grc'>599</span> <span class='ocrx_word' id='word_1_10' title='bbox 259 408 414 476; x_wconf 79' lang='lat' dir='ltr'>‘moreest’</span> <span class='ocrx_word' id='word_1_11' title='bbox 438 414 555 489; x_wconf 85' lang='lat' dir='ltr'>malim,</span> <span class='ocrx_word' id='word_1_12' title='bbox 578 430 649 473; x_wconf 86' lang='lat' dir='ltr'>oum</span> <span class='ocrx_word' id='word_1_13' title='bbox 676 412 836 483; x_wconf 79' lang='lat' dir='ltr'>‘moraes&#39;</span> <span class='ocrx_word' id='word_1_14' title='bbox 861 427 908 486; x_wconf 83' lang='lat' dir='ltr'>sit</span> <span class='ocrx_word' id='word_1_15' title='bbox 930 427 965 486; x_wconf 88' lang='lat' dir='ltr'>in</span> <span class='ocrx_word' id='word_1_16' title='bbox 984 428 1021 487; x_wconf 99' lang='lat' dir='ltr'>V.</span> 
     </span>
    </p>

    <p class='ocr_par' dir='ltr' id='par_1_4' title="bbox 81 503 1111 759">
     <span class='ocr_line' id='line_1_4' title="bbox 170 503 1111 590; baseline 0.008 -26"><span class='ocrx_word' id='word_1_17' title='bbox 170 508 235 565; x_wconf 87' lang='grc'>613</span> <span class='ocrx_word' id='word_1_18' title='bbox 264 508 340 565; x_wconf 81' lang='lat' dir='ltr'>orsis</span> <span class='ocrx_word' id='word_1_19' title='bbox 363 504 482 579; x_wconf 81' lang='lat' dir='ltr'>scripsi:</span> <span class='ocrx_word' id='word_1_20' title='bbox 510 521 602 561; x_wconf 75' lang='grc'>611666</span> <span class='ocrx_word' id='word_1_21' title='bbox 629 503 660 559; x_wconf 90' lang='lat' dir='ltr'><strong>V</strong></span> <span class='ocrx_word' id='word_1_22' title='bbox 684 507 810 583; x_wconf 85' lang='lat' dir='ltr'>inepte.</span> <span class='ocrx_word' id='word_1_23' title='bbox 844 514 928 590; x_wconf 85' lang='lat' dir='ltr'>quid</span> <span class='ocrx_word' id='word_1_24' title='bbox 950 516 1032 575; x_wconf 91' lang='lat' dir='ltr'>enim</span> <span class='ocrx_word' id='word_1_25' title='bbox 1051 514 1111 590; x_wconf 85' lang='lat' dir='ltr'>peri·</span> 
     </span>
     <span class='ocr_line' id='line_1_5' title="bbox 81 590 1111 681; baseline 0.012 -28"><span class='ocrx_word' id='word_1_26' title='bbox 81 596 143 654; x_wconf 88' lang='lat' dir='ltr'>culi</span> <span class='ocrx_word' id='word_1_27' title='bbox 165 594 260 653; x_wconf 89' lang='lat' dir='ltr'>subiit</span> <span class='ocrx_word' id='word_1_28' title='bbox 283 593 399 669; x_wconf 79' lang='lat' dir='ltr'>Tiphys</span> <span class='ocrx_word' id='word_1_29' title='bbox 423 592 518 651; x_wconf 89' lang='lat' dir='ltr'>socios</span> <span class='ocrx_word' id='word_1_30' title='bbox 542 590 646 651; x_wconf 88' lang='lat' dir='ltr'>uerbis</span> <span class='ocrx_word' id='word_1_31' title='bbox 669 593 910 672; x_wconf 80' lang='lat' dir='ltr'>increpans?</span> <span class='ocrx_word' id='word_1_32' title='bbox 909 597 997 663; x_wconf 87' lang='lat' dir='ltr'>orsa’</span> <span class='ocrx_word' id='word_1_33' title='bbox 1017 622 1068 681; x_wconf 89' lang='lat' dir='ltr'>pro</span> <span class='ocrx_word' id='word_1_34' title='bbox 1086 620 1111 661; x_wconf 80' lang='lat' dir='ltr'>so</span> 
     </span>
     <span class='ocr_line' id='line_1_6' title="bbox 81 674 890 759; baseline 0.003 -18"><span class='ocrx_word' id='word_1_35' title='bbox 81 683 162 759; x_wconf 84' lang='lat' dir='ltr'>quod</span> <span class='ocrx_word' id='word_1_36' title='bbox 185 686 232 742; x_wconf 85' lang='lat' dir='ltr'>est</span> <span class='ocrx_word' id='word_1_37' title='bbox 255 674 371 741; x_wconf 86' lang='lat' dir='ltr'>uerba’</span> <span class='ocrx_word' id='word_1_38' title='bbox 391 681 462 755; x_wconf 90' lang='lat' dir='ltr'>poni</span> <span class='ocrx_word' id='word_1_39' title='bbox 484 679 534 738; x_wconf 93' lang='lat' dir='ltr'>uel</span> <span class='ocrx_word' id='word_1_40' title='bbox 557 680 661 755; x_wconf 88' lang='lat' dir='ltr'>pueris</span> <span class='ocrx_word' id='word_1_41' title='bbox 686 686 804 743; x_wconf 89' lang='grc'>661616</span> <span class='ocrx_word' id='word_1_42' title='bbox 830 693 890 748; x_wconf 84' lang='lat' dir='ltr'>ost.</span> 
     </span>
    </p>

    <p class='ocr_par' dir='ltr' id='par_1_5' title="bbox 173 768 749 844">
     <span class='ocr_line' id='line_1_7' title="bbox 173 768 749 844; baseline -0.005 -14"><span class='ocrx_word' id='word_1_43' title='bbox 173 773 236 830; x_wconf 89' lang='grc'>622</span> <span class='ocrx_word' id='word_1_44' title='bbox 260 772 330 829; x_wconf 76' lang='lat' dir='ltr'>hacc</span> <span class='ocrx_word' id='word_1_45' title='bbox 352 774 413 828; x_wconf 80' lang='lat' dir='ltr'>lum</span> <span class='ocrx_word' id='word_1_46' title='bbox 436 768 556 844; x_wconf 87' lang='lat' dir='ltr'>scripsi:</span> <span class='ocrx_word' id='word_1_47' title='bbox 578 769 688 827; x_wconf 78' lang='lat' dir='ltr'>nedum</span> <span class='ocrx_word' id='word_1_48' title='bbox 712 770 749 830; x_wconf 90' lang='lat' dir='ltr'><strong>V.</strong></span> 
     </span>
    </p>

    <p class='ocr_par' dir='ltr' id='par_1_6' title="bbox 80 857 1109 1622">
     <span class='ocr_line' id='line_1_8' title="bbox 174 857 1109 927; baseline 0.006 -10"><span class='ocrx_word' id='word_1_49' title='bbox 174 861 236 918; x_wconf 87' lang='grc'>628</span> <span class='ocrx_word' id='word_1_50' title='bbox 261 860 375 917; x_wconf 70' lang='lat' dir='ltr'>dixerat</span> <span class='ocrx_word' id='word_1_51' title='bbox 397 862 428 915; x_wconf 82' lang='lat' dir='ltr'>at</span> <span class='ocrx_word' id='word_1_52' title='bbox 448 857 653 914; x_wconf 78' lang='lat' dir='ltr'><strong>Burmannus:</strong></span> <span class='ocrx_word' id='word_1_53' title='bbox 676 857 801 919; x_wconf 59' lang='lat' dir='ltr'>decrat</span> <span class='ocrx_word' id='word_1_54' title='bbox 824 869 854 922; x_wconf 82' lang='grc'>61</span> <span class='ocrx_word' id='word_1_55' title='bbox 876 865 917 925; x_wconf 93' lang='lat' dir='ltr'><strong>V.</strong></span> <span class='ocrx_word' id='word_1_56' title='bbox 953 867 992 926; x_wconf 91' lang='lat' dir='ltr'>de</span> <span class='ocrx_word' id='word_1_57' title='bbox 1014 868 1109 927; x_wconf 86' lang='lat' dir='ltr'>formu·</span> 
     </span>
     <span class='ocr_line' id='line_1_9' title="bbox 83 937 1107 1046; baseline 0.008 -42"><span class='ocrx_word' id='word_1_58' title='bbox 83 952 181 1007; x_wconf 82' lang='lat' dir='ltr'>lorum</span> <span class='ocrx_word' id='word_1_59' title='bbox 209 941 299 1004; x_wconf 78' lang='lat' dir='ltr'>‘dixit</span> <span class='ocrx_word' id='word_1_60' title='bbox 326 940 378 1020; x_wconf 91' lang='lat' dir='ltr'>et&#39;,</span> <span class='ocrx_word' id='word_1_61' title='bbox 404 939 494 1009; x_wconf 79' lang='lat' dir='ltr'>‘dixit</span> <span class='ocrx_word' id='word_1_62' title='bbox 522 937 565 1003; x_wconf 88' lang='lat' dir='ltr'>at&#39;</span> <span class='ocrx_word' id='word_1_63' title='bbox 594 944 806 1046; x_wconf 78' lang='lat' dir='ltr'>similiumque</span> <span class='ocrx_word' id='word_1_64' title='bbox 836 952 1022 1023; x_wconf 81' lang='lat' dir='ltr'>discrimine</span> <span class='ocrx_word' id='word_1_65' title='bbox 1047 954 1107 1013; x_wconf 77' lang='lat' dir='ltr'>alius</span> 
     </span>
     <span class='ocr_line' id='line_1_10' title="bbox 83 1032 1109 1110; baseline 0.005 -15"><span class='ocrx_word' id='word_1_66' title='bbox 83 1036 232 1110; x_wconf 83' lang='lat' dir='ltr'>copiosius</span> <span class='ocrx_word' id='word_1_67' title='bbox 256 1051 423 1109; x_wconf 80' lang='lat' dir='ltr'>ogom-</span> <span class='ocrx_word' id='word_1_68' title='bbox 447 1038 540 1092; x_wconf 78' lang='grc'>616616</span> <span class='ocrx_word' id='word_1_69' title='bbox 562 1032 683 1108; x_wconf 83' lang='lat' dir='ltr'>scripsi:</span> <span class='ocrx_word' id='word_1_70' title='bbox 711 1035 793 1106; x_wconf 75' lang='lat' dir='ltr'>freta</span> <span class='ocrx_word' id='word_1_71' title='bbox 818 1039 850 1095; x_wconf 92' lang='lat' dir='ltr'><strong>V</strong></span> <span class='ocrx_word' id='word_1_72' title='bbox 874 1040 1024 1102; x_wconf 83' lang='lat' dir='ltr'>absurde.</span> <span class='ocrx_word' id='word_1_73' title='bbox 1060 1059 1109 1101; x_wconf 88' lang='grc'>666</span> 
     </span>
     <span class='ocr_line' id='line_1_11' title="bbox 82 1121 1108 1226; baseline 0.005 -46"><span class='ocrx_word' id='word_1_74' title='bbox 82 1124 186 1182; x_wconf 81' lang='lat' dir='ltr'>obstat</span> <span class='ocrx_word' id='word_1_75' title='bbox 217 1124 320 1179; x_wconf 85' lang='lat' dir='ltr'>autern</span> <span class='ocrx_word' id='word_1_76' title='bbox 353 1121 555 1180; x_wconf 89' lang='lat' dir='ltr'>emendationi</span> <span class='ocrx_word' id='word_1_77' title='bbox 584 1123 708 1179; x_wconf 80' lang='grc'>6661166</span> <span class='ocrx_word' id='word_1_78' title='bbox 740 1126 828 1226; x_wconf 75' lang='lat' dir='ltr'>quorl</span> <span class='ocrx_word' id='word_1_79' title='bbox 862 1132 981 1204; x_wconf 85' lang='lat' dir='ltr'>quarto</span> <span class='ocrx_word' id='word_1_80' title='bbox 1014 1131 1108 1190; x_wconf 87' lang='lat' dir='ltr'>abhinc</span> 
     </span>
     <span class='ocr_line' id='line_1_12' title="bbox 81 1201 1106 1294; baseline 0.008 -28"><span class='ocrx_word' id='word_1_81' title='bbox 81 1227 173 1267; x_wconf 89' lang='lat' dir='ltr'>uersu</span> <span class='ocrx_word' id='word_1_82' title='bbox 199 1209 310 1265; x_wconf 88' lang='lat' dir='ltr'>iterum</span> <span class='ocrx_word' id='word_1_83' title='bbox 342 1201 458 1282; x_wconf 85' lang='lat' dir='ltr'>erigit&#39;</span> <span class='ocrx_word' id='word_1_84' title='bbox 485 1209 608 1285; x_wconf 79' lang='lat' dir='ltr'>legitur.</span> <span class='ocrx_word' id='word_1_85' title='bbox 656 1208 737 1267; x_wconf 86' lang='lat' dir='ltr'>hanc</span> <span class='ocrx_word' id='word_1_86' title='bbox 769 1213 856 1273; x_wconf 88' lang='lat' dir='ltr'>enim</span> <span class='ocrx_word' id='word_1_87' title='bbox 891 1221 1014 1277; x_wconf 83' lang='lat' dir='ltr'>certam</span> <span class='ocrx_word' id='word_1_88' title='bbox 1039 1216 1106 1294; x_wconf 85' lang='lat' dir='ltr'>apud</span> 
     </span>
     <span class='ocr_line' id='line_1_13' title="bbox 82 1295 1105 1382; baseline 0.011 -27"><span class='ocrx_word' id='word_1_89' title='bbox 82 1299 188 1372; x_wconf 87' lang='lat' dir='ltr'>poetas</span> <span class='ocrx_word' id='word_1_90' title='bbox 211 1295 323 1355; x_wconf 88' lang='lat' dir='ltr'>latinos</span> <span class='ocrx_word' id='word_1_91' title='bbox 346 1296 521 1371; x_wconf 79' lang='lat' dir='ltr'>regulam</span> <span class='ocrx_word' id='word_1_92' title='bbox 512 1298 654 1372; x_wconf 77' lang='lat' dir='ltr'>inueniri,</span> <span class='ocrx_word' id='word_1_93' title='bbox 681 1298 718 1355; x_wconf 88' lang='lat' dir='ltr'>ut</span> <span class='ocrx_word' id='word_1_94' title='bbox 743 1301 842 1360; x_wconf 88' lang='lat' dir='ltr'>tertio</span> <span class='ocrx_word' id='word_1_95' title='bbox 872 1324 1000 1382; x_wconf 87' lang='lat' dir='ltr'>quoque</span> <span class='ocrx_word' id='word_1_96' title='bbox 1027 1324 1105 1365; x_wconf 87' lang='lat' dir='ltr'>uersu</span> 
     </span>
     <span class='ocr_line' id='line_1_14' title="bbox 81 1383 1105 1468; baseline 0.012 -26"><span class='ocrx_word' id='word_1_97' title='bbox 81 1384 162 1443; x_wconf 89' lang='lat' dir='ltr'>idem</span> <span class='ocrx_word' id='word_1_98' title='bbox 184 1383 364 1443; x_wconf 89' lang='lat' dir='ltr'>uocabulum</span> <span class='ocrx_word' id='word_1_99' title='bbox 386 1387 454 1443; x_wconf 88' lang='grc'>1616</span> <span class='ocrx_word' id='word_1_100' title='bbox 479 1386 570 1445; x_wconf 82' lang='grc'>116661</span> <span class='ocrx_word' id='word_1_101' title='bbox 592 1387 737 1461; x_wconf 87' lang='lat' dir='ltr'>repetere,</span> <span class='ocrx_word' id='word_1_102' title='bbox 761 1387 839 1446; x_wconf 86' lang='lat' dir='ltr'>alibi</span> <span class='ocrx_word' id='word_1_103' title='bbox 863 1392 1049 1468; x_wconf 75' lang='lat' dir='ltr'>significaui</span> <span class='ocrx_word' id='word_1_104' title='bbox 1069 1423 1105 1434; x_wconf 77' lang='lat'><em>-</em></span> 
     </span>
     <span class='ocr_line' id='line_1_15' title="bbox 82 1467 1102 1549; baseline 0.005 -16"><span class='ocrx_word' id='word_1_105' title='bbox 82 1477 216 1533; x_wconf 88' lang='lat' dir='ltr'>ceterum</span> <span class='ocrx_word' id='word_1_106' title='bbox 247 1472 280 1531; x_wconf 91' lang='lat' dir='ltr'>id</span> <span class='ocrx_word' id='word_1_107' title='bbox 307 1473 387 1549; x_wconf 87' lang='lat' dir='ltr'>quod</span> <span class='ocrx_word' id='word_1_108' title='bbox 419 1476 467 1532; x_wconf 87' lang='lat' dir='ltr'>est</span> <span class='ocrx_word' id='word_1_109' title='bbox 494 1467 626 1534; x_wconf 87' lang='lat' dir='ltr'>studiis&#39;</span> <span class='ocrx_word' id='word_1_110' title='bbox 653 1491 715 1531; x_wconf 89' lang='lat' dir='ltr'>non</span> <span class='ocrx_word' id='word_1_111' title='bbox 745 1479 829 1533; x_wconf 89' lang='lat' dir='ltr'>recte</span> <span class='ocrx_word' id='word_1_112' title='bbox 860 1478 899 1536; x_wconf 87' lang='lat' dir='ltr'>de</span> <span class='ocrx_word' id='word_1_113' title='bbox 928 1481 1102 1542; x_wconf 73' lang='lat' dir='ltr'>factionibus</span> 
     </span>
     <span class='ocr_line' id='line_1_16' title="bbox 80 1563 265 1622; baseline 0.006 -2"><span class='ocrx_word' id='word_1_114' title='bbox 80 1563 265 1622; x_wconf 75' lang='lat' dir='ltr'>intellexere.</span> 
     </span>
    </p>

    <p class='ocr_par' dir='ltr' id='par_1_7' title="bbox 83 1648 1100 1814">
     <span class='ocr_line' id='line_1_17' title="bbox 175 1648 1100 1726; baseline 0.008 -16"><span class='ocrx_word' id='word_1_115' title='bbox 175 1653 273 1710; x_wconf 86' lang='grc'>638</span> <span class='ocrx_word' id='word_1_116' title='bbox 262 1655 294 1710; x_wconf 68' lang='lat' dir='ltr'>co</span> <span class='ocrx_word' id='word_1_117' title='bbox 316 1653 416 1725; x_wconf 69' lang='lat' dir='ltr'>turpio</span> <span class='ocrx_word' id='word_1_118' title='bbox 439 1649 558 1726; x_wconf 80' lang='lat' dir='ltr'>scripsi.</span> <span class='ocrx_word' id='word_1_119' title='bbox 581 1651 680 1723; x_wconf 71' lang='lat' dir='ltr'>impio</span> <span class='ocrx_word' id='word_1_120' title='bbox 701 1648 739 1707; x_wconf 90' lang='lat' dir='ltr'><strong>V.</strong></span> <span class='ocrx_word' id='word_1_121' title='bbox 761 1649 849 1710; x_wconf 92' lang='lat' dir='ltr'>illam</span> <span class='ocrx_word' id='word_1_122' title='bbox 868 1653 1037 1716; x_wconf 87' lang='lat' dir='ltr'>uoculae</span> <span class='ocrx_word' id='word_1_123' title='bbox 1039 1649 1100 1716; x_wconf 87' lang='lat' dir='ltr'>iam&#39;</span> 
     </span>
     <span class='ocr_line' id='line_1_18' title="bbox 83 1739 780 1814; baseline -0.001 -19"><span class='ocrx_word' id='word_1_124' title='bbox 83 1739 276 1797; x_wconf 76' lang='lat' dir='ltr'>iterationem</span> <span class='ocrx_word' id='word_1_125' title='bbox 298 1739 387 1797; x_wconf 84' lang='lat' dir='ltr'>ualde</span> <span class='ocrx_word' id='word_1_126' title='bbox 412 1739 533 1796; x_wconf 85' lang='lat' dir='ltr'>adamat</span> <span class='ocrx_word' id='word_1_127' title='bbox 556 1740 647 1814; x_wconf 92' lang='lat' dir='ltr'>poeta</span> <span class='ocrx_word' id='word_1_128' title='bbox 668 1739 780 1796; x_wconf 87' lang='grc'>666161.</span> 
     </span>
    </p>

    <p class='ocr_par' dir='ltr' id='par_1_8' title="bbox 82 1821 1099 2079">
     <span class='ocr_line' id='line_1_19' title="bbox 174 1821 1099 1910; baseline 0.008 -25"><span class='ocrx_word' id='word_1_129' title='bbox 174 1829 237 1885; x_wconf 90' lang='grc'>642</span> <span class='ocrx_word' id='word_1_130' title='bbox 261 1829 339 1901; x_wconf 78' lang='lat' dir='ltr'>ferat</span> <span class='ocrx_word' id='word_1_131' title='bbox 362 1827 481 1903; x_wconf 86' lang='lat' dir='ltr'>scripsi:</span> <span class='ocrx_word' id='word_1_132' title='bbox 502 1843 618 1900; x_wconf 73' lang='grc'>96116116</span> <span class='ocrx_word' id='word_1_133' title='bbox 641 1824 669 1882; x_wconf 89' lang='lat' dir='ltr'><strong>V</strong></span> <span class='ocrx_word' id='word_1_134' title='bbox 691 1843 727 1883; x_wconf 88' lang='lat' dir='ltr'>ex</span> <span class='ocrx_word' id='word_1_135' title='bbox 750 1826 857 1901; x_wconf 77' lang='lat' dir='ltr'>glossa</span> <span class='ocrx_word' id='word_1_136' title='bbox 885 1821 984 1910; x_wconf 84' lang='lat' dir='ltr'>(quse</span> <span class='ocrx_word' id='word_1_137' title='bbox 1007 1833 1099 1910; x_wconf 82' lang='lat' dir='ltr'>genui·</span> 
     </span>
     <span class='ocr_line' id='line_1_20' title="bbox 82 1907 1098 1994; baseline 0.006 -22"><span class='ocrx_word' id='word_1_138' title='bbox 82 1933 154 1974; x_wconf 87' lang='lat' dir='ltr'>nam</span> <span class='ocrx_word' id='word_1_139' title='bbox 186 1916 344 1974; x_wconf 87' lang='lat' dir='ltr'>lectionem</span> <span class='ocrx_word' id='word_1_140' title='bbox 377 1907 515 1994; x_wconf 80' lang='lat' dir='ltr'>expulit),</span> <span class='ocrx_word' id='word_1_141' title='bbox 547 1932 616 1972; x_wconf 89' lang='lat' dir='ltr'>cum</span> <span class='ocrx_word' id='word_1_142' title='bbox 641 1913 786 1974; x_wconf 90' lang='lat' dir='ltr'>librarius</span> <span class='ocrx_word' id='word_1_143' title='bbox 817 1915 898 1975; x_wconf 92' lang='lat' dir='ltr'>illud</span> <span class='ocrx_word' id='word_1_144' title='bbox 932 1911 1003 1979; x_wconf 73' lang='lat' dir='ltr'>‘sed</span> <span class='ocrx_word' id='word_1_145' title='bbox 1030 1921 1098 1981; x_wconf 87' lang='lat' dir='ltr'>socio</span> 
     </span>
     <span class='ocr_line' id='line_1_21' title="bbox 84 1997 864 2079; baseline 0.003 -19"><span class='ocrx_word' id='word_1_146' title='bbox 84 1997 282 2079; x_wconf 88' lang='lat' dir='ltr'>quocumque&#39;</span> <span class='ocrx_word' id='word_1_147' title='bbox 305 2003 399 2061; x_wconf 86' lang='lat' dir='ltr'>nimie</span> <span class='ocrx_word' id='word_1_148' title='bbox 421 2003 573 2062; x_wconf 86' lang='lat' dir='ltr'>breuitate</span> <span class='ocrx_word' id='word_1_149' title='bbox 596 2001 710 2060; x_wconf 87' lang='lat' dir='ltr'>dietum</span> <span class='ocrx_word' id='word_1_150' title='bbox 731 2004 864 2077; x_wconf 84' lang='lat' dir='ltr'>putaret.</span> 
     </span>
    </p>

    <p class='ocr_par' dir='ltr' id='par_1_9' title="bbox 83 2091 1102 3396">
     <span class='ocr_line' id='line_1_22' title="bbox 175 2091 1098 2164; baseline 0.003 -14"><span class='ocrx_word' id='word_1_151' title='bbox 175 2093 238 2151; x_wconf 84' lang='grc'>646</span> <span class='ocrx_word' id='word_1_152' title='bbox 262 2093 426 2164; x_wconf 68' lang='lat' dir='ltr'>potioribus</span> <span class='ocrx_word' id='word_1_153' title='bbox 451 2092 501 2150; x_wconf 75' lang='lat' dir='ltr'>illc</span> <span class='ocrx_word' id='word_1_154' title='bbox 531 2091 675 2149; x_wconf 75' lang='grc'>1161611616</span> <span class='ocrx_word' id='word_1_155' title='bbox 704 2092 815 2163; x_wconf 66' lang='lat' dir='ltr'>foriens.</span> <span class='ocrx_word' id='word_1_156' title='bbox 862 2094 1037 2156; x_wconf 86' lang='lat' dir='ltr'>rectissimo</span> <span class='ocrx_word' id='word_1_157' title='bbox 1062 2098 1098 2154; x_wconf 88' lang='lat' dir='ltr'>iu-</span> 
     </span>
     <span class='ocr_line' id='line_1_23' title="bbox 84 2178 1100 2254; baseline 0.006 -19"><span class='ocrx_word' id='word_1_158' title='bbox 84 2179 161 2236; x_wconf 89' lang='lat' dir='ltr'>dicio</span> <span class='ocrx_word' id='word_1_159' title='bbox 190 2179 266 2236; x_wconf 88' lang='lat' dir='ltr'>hanc</span> <span class='ocrx_word' id='word_1_160' title='bbox 293 2178 441 2238; x_wconf 89' lang='lat' dir='ltr'>librorum</span> <span class='ocrx_word' id='word_1_161' title='bbox 473 2179 654 2254; x_wconf 79' lang='lat' dir='ltr'>scripturam</span> <span class='ocrx_word' id='word_1_162' title='bbox 684 2179 717 2236; x_wconf 91' lang='grc'>16</span> <span class='ocrx_word' id='word_1_163' title='bbox 748 2179 953 2254; x_wconf 89' lang='lat' dir='ltr'>suspicionem</span> <span class='ocrx_word' id='word_1_164' title='bbox 984 2184 1100 2244; x_wconf 82' lang='lat' dir='ltr'>uocauit</span> 
     </span>
     <span class='ocr_line' id='line_1_24' title="bbox 83 2260 1099 2344; baseline 0.008 -22"><span class='ocrx_word' id='word_1_165' title='bbox 83 2265 351 2341; x_wconf 84' lang='lat' dir='ltr'>Eyssenhardtius.</span> <span class='ocrx_word' id='word_1_166' title='bbox 395 2284 467 2324; x_wconf 88' lang='lat' dir='ltr'>nam</span> <span class='ocrx_word' id='word_1_167' title='bbox 489 2265 576 2325; x_wconf 81' lang='lat' dir='ltr'>Thilo</span> <span class='ocrx_word' id='word_1_168' title='bbox 601 2285 669 2324; x_wconf 91' lang='lat' dir='ltr'>oum</span> <span class='ocrx_word' id='word_1_169' title='bbox 683 2260 876 2342; x_wconf 74' lang='lat' dir='ltr'>‘potioribus&#39;</span> <span class='ocrx_word' id='word_1_170' title='bbox 898 2289 956 2344; x_wconf 91' lang='lat' dir='ltr'>pro</span> <span class='ocrx_word' id='word_1_171' title='bbox 971 2270 1099 2332; x_wconf 81' lang='lat' dir='ltr'>oblatiuo</span> 
     </span>
     <span class='ocr_line' id='line_1_25' title="bbox 83 2354 1100 2436; baseline 0.011 -27"><span class='ocrx_word' id='word_1_172' title='bbox 83 2371 173 2427; x_wconf 88' lang='lat' dir='ltr'>quem</span> <span class='ocrx_word' id='word_1_173' title='bbox 195 2354 387 2427; x_wconf 81' lang='lat' dir='ltr'>grammatici</span> <span class='ocrx_word' id='word_1_174' title='bbox 418 2357 529 2413; x_wconf 84' lang='grc'>666661</span> <span class='ocrx_word' id='word_1_175' title='bbox 551 2355 784 2429; x_wconf 85' lang='lat' dir='ltr'>comparationis</span> <span class='ocrx_word' id='word_1_176' title='bbox 809 2360 958 2436; x_wconf 84' lang='lat' dir='ltr'>sumeret,</span> <span class='ocrx_word' id='word_1_177' title='bbox 992 2361 1100 2420; x_wconf 86' lang='lat' dir='ltr'>oblitus</span> 
     </span>
     <span class='ocr_line' id='line_1_26' title="bbox 83 2440 1100 2523; baseline 0.011 -26"><span class='ocrx_word' id='word_1_178' title='bbox 83 2440 235 2498; x_wconf 87' lang='grc'>66166116</span> <span class='ocrx_word' id='word_1_179' title='bbox 258 2440 346 2498; x_wconf 85' lang='lat' dir='ltr'>modo</span> <span class='ocrx_word' id='word_1_180' title='bbox 369 2442 562 2500; x_wconf 84' lang='grc'>1661661616</span> <span class='ocrx_word' id='word_1_181' title='bbox 586 2461 640 2501; x_wconf 90' lang='grc'>666</span> <span class='ocrx_word' id='word_1_182' title='bbox 663 2461 752 2518; x_wconf 86' lang='lat' dir='ltr'>posse</span> <span class='ocrx_word' id='word_1_183' title='bbox 775 2441 879 2503; x_wconf 84' lang='lat' dir='ltr'>addito</span> <span class='ocrx_word' id='word_1_184' title='bbox 902 2445 956 2506; x_wconf 91' lang='grc'>1116</span> <span class='ocrx_word' id='word_1_185' title='bbox 976 2441 1100 2523; x_wconf 68' lang='lat' dir='ltr'>‘quam’3</span> 
     </span>
     <span class='ocr_line' id='line_1_27' title="bbox 84 2526 1101 2610; baseline 0.008 -26"><span class='ocrx_word' id='word_1_186' title='bbox 84 2527 163 2603; x_wconf 87' lang='lat' dir='ltr'>quod</span> <span class='ocrx_word' id='word_1_187' title='bbox 186 2526 279 2584; x_wconf 80' lang='lat' dir='ltr'>hebes</span> <span class='ocrx_word' id='word_1_188' title='bbox 304 2546 338 2584; x_wconf 90' lang='lat' dir='ltr'>oo</span> <span class='ocrx_word' id='word_1_189' title='bbox 362 2546 451 2602; x_wconf 91' lang='lat' dir='ltr'>quem</span> <span class='ocrx_word' id='word_1_190' title='bbox 473 2530 526 2586; x_wconf 92' lang='lat' dir='ltr'>ille</span> <span class='ocrx_word' id='word_1_191' title='bbox 549 2531 676 2588; x_wconf 87' lang='grc'>66616111</span> <span class='ocrx_word' id='word_1_192' title='bbox 698 2533 764 2590; x_wconf 91' lang='grc'>1666</span> <span class='ocrx_word' id='word_1_193' title='bbox 788 2528 862 2606; x_wconf 90' lang='lat' dir='ltr'><strong>[VII</strong></span> <span class='ocrx_word' id='word_1_194' title='bbox 889 2532 985 2610; x_wconf 86' lang='grc'><strong>428];</strong></span> <span class='ocrx_word' id='word_1_195' title='bbox 1013 2537 1051 2595; x_wconf 97' lang='grc'>61.</span> <span class='ocrx_word' id='word_1_196' title='bbox 1072 2538 1101 2595; x_wconf 87' lang='grc'>61</span> 
     </span>
     <span class='ocr_line' id='line_1_28' title="bbox 84 2612 1099 2697; baseline 0.01 -24"><span class='ocrx_word' id='word_1_197' title='bbox 84 2615 212 2690; x_wconf 83' lang='lat' dir='ltr'>Reisigii</span> <span class='ocrx_word' id='word_1_198' title='bbox 239 2616 380 2689; x_wconf 78' lang='grc'>61661661.</span> <span class='ocrx_word' id='word_1_199' title='bbox 427 2612 448 2688; x_wconf 61' lang='grc' dir='ltr'><strong><em>ξ</em></strong></span> <span class='ocrx_word' id='word_1_200' title='bbox 478 2618 541 2674; x_wconf 82' lang='grc'>227</span> <span class='ocrx_word' id='word_1_201' title='bbox 569 2617 672 2693; x_wconf 88' lang='lat' dir='ltr'>ibique</span> <span class='ocrx_word' id='word_1_202' title='bbox 699 2619 839 2679; x_wconf 80' lang='lat' dir='ltr'>Hessius.</span> <span class='ocrx_word' id='word_1_203' title='bbox 884 2620 991 2697; x_wconf 85' lang='lat' dir='ltr'>itaque</span> <span class='ocrx_word' id='word_1_204' title='bbox 1019 2641 1099 2683; x_wconf 89' lang='lat' dir='ltr'>eram</span> 
     </span>
     <span class='ocr_line' id='line_1_29' title="bbox 84 2704 1100 2786; baseline 0.011 -25"><span class='ocrx_word' id='word_1_205' title='bbox 84 2720 159 2778; x_wconf 90' lang='lat' dir='ltr'>cum,</span> <span class='ocrx_word' id='word_1_206' title='bbox 182 2704 218 2760; x_wconf 90' lang='lat' dir='ltr'>ut</span> <span class='ocrx_word' id='word_1_207' title='bbox 241 2720 426 2778; x_wconf 85' lang='lat' dir='ltr'>quocumque</span> <span class='ocrx_word' id='word_1_208' title='bbox 449 2704 537 2763; x_wconf 88' lang='lat' dir='ltr'>modo</span> <span class='ocrx_word' id='word_1_209' title='bbox 560 2706 706 2765; x_wconf 81' lang='grc'>1161111661</span> <span class='ocrx_word' id='word_1_210' title='bbox 728 2708 888 2767; x_wconf 85' lang='grc'>1661166616</span> <span class='ocrx_word' id='word_1_211' title='bbox 902 2709 1100 2786; x_wconf 84' lang='lat' dir='ltr'>defenderem,</span> 
     </span>
     <span class='ocr_line' id='line_1_30' title="bbox 85 2783 1100 2877; baseline 0.008 -27.088"><span class='ocrx_word' id='word_1_212' title='bbox 85 2783 277 2867; x_wconf 85' lang='lat' dir='ltr'>potioribus&#39;</span> <span class='ocrx_word' id='word_1_213' title='bbox 298 2790 389 2849; x_wconf 76' lang='lat' dir='ltr'>dandi</span> <span class='ocrx_word' id='word_1_214' title='bbox 402 2809 483 2868; x_wconf 87' lang='lat' dir='ltr'>casu,</span> <span class='ocrx_word' id='word_1_215' title='bbox 498 2812 588 2868; x_wconf 89' lang='lat' dir='ltr'>quem</span> <span class='ocrx_word' id='word_1_216' title='bbox 601 2796 711 2853; x_wconf 85' lang='lat' dir='ltr'>uocant</span> <span class='ocrx_word' id='word_1_217' title='bbox 724 2795 905 2855; x_wconf 84' lang='lat' dir='ltr'>incommodi</span> <span class='ocrx_word' id='word_1_218' title='bbox 928 2790 987 2877; x_wconf 87' lang='lat'>(=</span> <span class='ocrx_word' id='word_1_219' title='bbox 997 2802 1100 2859; x_wconf 91' lang='lat' dir='ltr'>contra</span> 
     </span>
     <span class='ocr_line' id='line_1_31' title="bbox 83 2873 1101 2962; baseline 0.004 -22"><span class='ocrx_word' id='word_1_220' title='bbox 83 2873 246 2962; x_wconf 86' lang='lat' dir='ltr'>potiores),</span> <span class='ocrx_word' id='word_1_221' title='bbox 274 2880 407 2956; x_wconf 88' lang='lat' dir='ltr'>positum</span> <span class='ocrx_word' id='word_1_222' title='bbox 433 2884 583 2956; x_wconf 87' lang='lat' dir='ltr'>putarem</span> <span class='ocrx_word' id='word_1_223' title='bbox 628 2883 707 2958; x_wconf 89' lang='lat' dir='ltr'>quod</span> <span class='ocrx_word' id='word_1_224' title='bbox 730 2901 821 2959; x_wconf 89' lang='lat' dir='ltr'>quam</span> <span class='ocrx_word' id='word_1_225' title='bbox 842 2902 953 2959; x_wconf 88' lang='lat' dir='ltr'>parum</span> <span class='ocrx_word' id='word_1_226' title='bbox 973 2887 1101 2946; x_wconf 87' lang='lat' dir='ltr'>feliciter</span> 
     </span>
     <span class='ocr_line' id='line_1_32' title="bbox 85 2970 1100 3051; baseline 0.005 -23"><span class='ocrx_word' id='word_1_227' title='bbox 85 2971 296 3047; x_wconf 81' lang='lat' dir='ltr'>excogitarim,</span> <span class='ocrx_word' id='word_1_228' title='bbox 332 2988 401 3030; x_wconf 86' lang='lat' dir='ltr'>mox</span> <span class='ocrx_word' id='word_1_229' title='bbox 437 2972 586 3047; x_wconf 86' lang='lat' dir='ltr'>perspexi.</span> <span class='ocrx_word' id='word_1_230' title='bbox 631 2987 701 3029; x_wconf 88' lang='lat' dir='ltr'>nam</span> <span class='ocrx_word' id='word_1_231' title='bbox 736 2970 860 3030; x_wconf 85' lang='lat' dir='ltr'>fouendi</span> <span class='ocrx_word' id='word_1_232' title='bbox 888 2973 1030 3051; x_wconf 88' lang='lat' dir='ltr'>uerbum,</span> <span class='ocrx_word' id='word_1_233' title='bbox 1066 2978 1100 3033; x_wconf 89' lang='grc'>61</span> 
     </span>
     <span class='ocr_line' id='line_1_33' title="bbox 85 3059 1102 3136; baseline 0.007 -21"><span class='ocrx_word' id='word_1_234' title='bbox 85 3059 150 3118; x_wconf 88' lang='grc'>6166</span> <span class='ocrx_word' id='word_1_235' title='bbox 178 3060 239 3119; x_wconf 86' lang='grc'>1611</span> <span class='ocrx_word' id='word_1_236' title='bbox 266 3061 390 3136; x_wconf 89' lang='lat' dir='ltr'>natura,</span> <span class='ocrx_word' id='word_1_237' title='bbox 417 3078 477 3118; x_wconf 89' lang='grc'>666</span> <span class='ocrx_word' id='word_1_238' title='bbox 504 3063 606 3135; x_wconf 85' lang='lat' dir='ltr'>potest</span> <span class='ocrx_word' id='word_1_239' title='bbox 635 3059 720 3134; x_wconf 84' lang='lat' dir='ltr'>iungi</span> <span class='ocrx_word' id='word_1_240' title='bbox 749 3077 818 3117; x_wconf 88' lang='lat' dir='ltr'>cum</span> <span class='ocrx_word' id='word_1_241' title='bbox 845 3059 948 3118; x_wconf 85' lang='lat' dir='ltr'>datiuo</span> <span class='ocrx_word' id='word_1_242' title='bbox 976 3063 1037 3122; x_wconf 91' lang='grc'>6161</span> <span class='ocrx_word' id='word_1_243' title='bbox 1058 3063 1102 3122; x_wconf 86' lang='lat' dir='ltr'>ita</span> 
     </span>
     <span class='ocr_line' id='line_1_34' title="bbox 84 3145 1101 3227; baseline 0.01 -27"><span class='ocrx_word' id='word_1_244' title='bbox 84 3148 120 3202; x_wconf 91' lang='lat' dir='ltr'>ut</span> <span class='ocrx_word' id='word_1_245' title='bbox 142 3148 287 3223; x_wconf 86' lang='lat' dir='ltr'>aliquid</span> <span class='ocrx_word' id='word_1_246' title='bbox 279 3165 311 3205; x_wconf 92' lang='lat' dir='ltr'>m</span> <span class='ocrx_word' id='word_1_247' title='bbox 334 3148 462 3207; x_wconf 87' lang='lat' dir='ltr'>alicuius</span> <span class='ocrx_word' id='word_1_248' title='bbox 482 3149 615 3223; x_wconf 83' lang='lat' dir='ltr'>gretiam</span> <span class='ocrx_word' id='word_1_249' title='bbox 636 3145 732 3203; x_wconf 86' lang='lat' dir='ltr'>foueri</span> <span class='ocrx_word' id='word_1_250' title='bbox 755 3145 952 3219; x_wconf 77' lang='lat' dir='ltr'>significetur.</span> <span class='ocrx_word' id='word_1_251' title='bbox 989 3150 1101 3227; x_wconf 72' lang='grc'>116666,</span> 
     </span>
     <span class='ocr_line' id='line_1_35' title="bbox 85 3225 1101 3334; baseline 0.006 -43"><span class='ocrx_word' id='word_1_252' title='bbox 85 3247 155 3291; x_wconf 81' lang='lat' dir='ltr'>cum</span> <span class='ocrx_word' id='word_1_253' title='bbox 191 3235 412 3334; x_wconf 77' lang='lat' dir='ltr'>Eyssenhardti</span> <span class='ocrx_word' id='word_1_254' title='bbox 447 3234 604 3293; x_wconf 89' lang='lat' dir='ltr'>inuentum</span> <span class='ocrx_word' id='word_1_255' title='bbox 641 3227 752 3307; x_wconf 81' lang='lat' dir='ltr'>‘potior</span> <span class='ocrx_word' id='word_1_256' title='bbox 794 3225 915 3302; x_wconf 90' lang='lat' dir='ltr'>quibus&#39;</span> <span class='ocrx_word' id='word_1_257' title='bbox 953 3239 1033 3297; x_wconf 90' lang='lat' dir='ltr'>male</span> <span class='ocrx_word' id='word_1_258' title='bbox 1069 3257 1101 3301; x_wconf 90' lang='grc'>66</span> 
     </span>
     <span class='ocr_line' id='line_1_36' title="bbox 85 3309 916 3396; baseline 0.01 -25"><span class='ocrx_word' id='word_1_259' title='bbox 85 3315 205 3394; x_wconf 82' lang='lat' dir='ltr'>habeat,</span> <span class='ocrx_word' id='word_1_260' title='bbox 230 3323 293 3380; x_wconf 91' lang='grc'>6166</span> <span class='ocrx_word' id='word_1_261' title='bbox 317 3321 505 3381; x_wconf 87' lang='lat' dir='ltr'>cunctatione</span> <span class='ocrx_word' id='word_1_262' title='bbox 528 3319 650 3396; x_wconf 87' lang='lat' dir='ltr'>reposui</span> <span class='ocrx_word' id='word_1_263' title='bbox 673 3310 738 3390; x_wconf 87' lang='lat' dir='ltr'>pro</span> <span class='ocrx_word' id='word_1_264' title='bbox 761 3309 916 3375; x_wconf 76' lang='lat' dir='ltr'>moribus&#39;</span> 
     </span>
    </p>

    <p class='ocr_par' dir='ltr' id='par_1_10' title="bbox 175 3406 637 3480">
     <span class='ocr_line' id='line_1_37' title="bbox 175 3406 637 3480; baseline 0.007 -17"><span class='ocrx_word' id='word_1_265' title='bbox 175 3407 239 3463; x_wconf 91' lang='grc'>664</span> <span class='ocrx_word' id='word_1_266' title='bbox 257 3426 323 3480; x_wconf 77' lang='lat' dir='ltr'>pcc</span> <span class='ocrx_word' id='word_1_267' title='bbox 344 3408 501 3468; x_wconf 87' lang='lat' dir='ltr'>Heinsius</span> <span class='ocrx_word' id='word_1_268' title='bbox 524 3409 579 3480; x_wconf 77' lang='lat' dir='ltr'>fac</span> <span class='ocrx_word' id='word_1_269' title='bbox 601 3406 637 3464; x_wconf 92' lang='lat' dir='ltr'><strong>V.</strong></span> 
     </span>
    </p>

    <p class='ocr_par' dir='ltr' id='par_1_11' title="bbox 174 3491 1100 3571">
     <span class='ocr_line' id='line_1_38' title="bbox 174 3491 1100 3571; baseline 0.015 -25"><span class='ocrx_word' id='word_1_270' title='bbox 174 3491 239 3548; x_wconf 84' lang='grc'>670</span> <span class='ocrx_word' id='word_1_271' title='bbox 267 3498 294 3550; x_wconf 81' lang='lat' dir='ltr'>et</span> <span class='ocrx_word' id='word_1_272' title='bbox 320 3512 369 3566; x_wconf 64' lang='lat' dir='ltr'>epo</span> <span class='ocrx_word' id='word_1_273' title='bbox 403 3501 430 3555; x_wconf 82' lang='grc'>61</span> <span class='ocrx_word' id='word_1_274' title='bbox 460 3509 635 3567; x_wconf 75' lang='lat' dir='ltr'>quocumque</span> <span class='ocrx_word' id='word_1_275' title='bbox 664 3504 746 3549; x_wconf 66' lang='lat'><strong><em>“0088</em></strong></span> <span class='ocrx_word' id='word_1_276' title='bbox 771 3505 831 3561; x_wconf 70' lang='grc'>1116</span> <span class='ocrx_word' id='word_1_277' title='bbox 859 3493 988 3563; x_wconf 67' lang='grc'>11911166</span> <span class='ocrx_word' id='word_1_278' title='bbox 1019 3501 1100 3571; x_wconf 69' lang='lat' dir='ltr'>ferro</span> 
     </span>
    </p>
   </div>
   <div class='ocr_carea' id='block_1_3' title="bbox 0 0 1191 3938">
    <p class='ocr_par' dir='ltr' id='par_1_12' title="bbox 0 0 1191 3938">
     <span class='ocr_line' id='line_1_39' title="bbox 0 0 1191 3938; baseline 0 0"><span class='ocrx_word' id='word_1_279' title='bbox 0 0 1191 3938; x_wconf 95' lang='lat' dir='ltr'> </span> 
     </span>
    </p>
   </div>
  </div>
 </body>
</html>
