2362 3938
113 191 176 255 138
527 187 637 242 creua
654 187 701 242 111.

111 353 140 417 si
164 352 219 436 qui
243 373 317 416 cum
340 353 412 436 ipso
436 356 601 433 venerant,
625 350 902 435 comprehendunt
920 352 1126 436 offeruntque

109 439 316 523 Ptolomaeo,
347 441 399 504 cui
429 443 679 524 cognomentum
703 438 798 504 Soter
826 443 908 523 erat3
939 439 1009 503 eius
1023 470 1026 477 ·
1041 442 1127 506 enim

110 528 255 612 dignitas
275 529 377 594 veluti
397 528 538 592 secunda
560 532 636 611 post
658 530 745 614 regis
766 528 926 593 ambitum
944 528 1127 595 ridebatur.

111 617 206 693 Quod
229 618 330 702 igitur
354 617 537 681 Alexander
562 617 597 680 id
620 617 720 682 horae
749 638 862 682 somno
890 639 948 701 per
972 618 1058 682 diem
1081 623 1128 683 te·

84 710 243 771 oneretur
249 756 258 791 ,
289 706 498 770 Ptolomaeus
528 706 654 789 quaerit
687 727 726 769 ex
757 705 904 789 homine,
935 712 1008 789 quis
1041 711 1127 772 esset

112 817 232 878 quasve
263 795 396 858 haberet
428 815 542 858 causas
578 794 739 877 repentini
775 794 862 857 illius
902 800 1126 878 superventus.

111 884 163 948 Ad
185 885 267 948 haec
290 882 471 949 Candaules
495 882 647 965 opinatus
670 903 780 967 regem
803 882 1032 948 Ptolomaeum
1056 907 1125 950 sese

111 974 159 1037 ait
188 993 258 1036 esse
288 970 417 1055 quidem
445 960 550 1034 filium
579 972 711 1055 reginae
742 969 918 1054 Candaces3
953 972 1010 1036 sed
1041 976 1126 1038 eninr

111 1081 181 1124 sese
204 1081 269 1124 una
292 1080 363 1123 cum
383 1060 521 1142 coniuge
540 1059 667 1124 civilius
691 1064 724 1123 et
745 1059 938 1125 incuriosius
962 1060 1004 1124 ad
1028 1064 1125 1128 sacri·

71 1169 96 1207 10
110 1149 219 1212 ficium
235 1169 377 1211 annuum
398 1147 646 1212 contendentem
660 1145 873 1230 Amazonum,
893 1155 1125 1232 superventum

109 1258 128 1298 a
146 1236 286 1319 quodam
302 1235 535 1320 Bebryciorum
554 1240 693 1319 tyranno
708 1258 806 1300 uxore
820 1237 993 1319 privatum,
1014 1261 1124 1303 omnes

109 1324 246 1407 denique
270 1324 428 1408 militum,
457 1324 512 1408 qui
535 1346 600 1388 una
623 1346 732 1389 secum
754 1325 897 1408 fuerant,
925 1326 1125 1392 interfectos.

110 1412 217 1488 Quare
240 1412 445 1477 commodum
471 1434 557 1476 nunc
579 1414 723 1478 numeris
748 1415 955 1499 congregatis
981 1415 1066 1481 hanc
1090 1439 1124 1481 se

109 1502 217 1566 moliri
241 1502 400 1587 militiam,
423 1502 471 1566 uti
494 1502 613 1566 ultioni
638 1502 827 1567 consuleret.

70 1609 96 1651 rs
200 1587 257 1656 31.
298 1589 361 1655 His
398 1591 571 1673 compertis
608 1591 815 1656 Ptolomaeus
852 1591 893 1655 ad
929 1612 1041 1675 regam
1076 1594 1123 1657 in·
1142 1602 1179 1653 50.

109 1679 233 1762 rumpit
272 1680 365 1763 eique
402 1683 569 1764 comperta
606 1680 839 1762 communicat,
876 1701 957 1764 quae
995 1682 1123 1763 quidem

110 1771 206 1850 grata
241 1768 426 1833 Alexandro
469 1771 502 1833 et
543 1791 582 1833 ex
623 1774 700 1834 voto
742 1769 885 1834 accidere
921 1768 1124 1836 videbantur.

109 1855 222 1942 Surgit
257 1857 359 1942 igitur
391 1880 408 1921 e
439 1856 561 1922 lectulo
599 1862 630 1922 et
667 1858 816 1923 diadema
846 1858 995 1942 protinus
1030 1881 1124 1922 suum

109 1945 144 2009 in
184 1945 365 2011 Ptolomaei
410 1949 508 2030 caput
547 1946 703 2010 transfert
746 1946 978 2030 chlamydeque
1024 1968 1124 2031 augu-

68 2052 95 2093 ro
110 2035 210 2098 stiore
252 2035 303 2097 rel
343 2034 434 2118 regia
477 2035 716 2099 circumiectum
759 2035 868 2119 egredi
904 2035 1010 2116 iubet,
1051 2040 1124 2100 tum

109 2122 165 2185 ubi
199 2122 321 2204 petitus
362 2145 381 2187 a
420 2120 583 2186 Oandaule
622 2144 679 2185 rex
717 2122 803 2199 fuat,
843 2123 883 2185 ad
923 2142 992 2184 sese
1030 2123 1125 2188 Anti-

109 2229 231 2291 gonum
262 2210 435 2273 satellitem
465 2208 616 2272 vocitare.
666 2208 730 2273 Pro
758 2231 822 2291 quo
850 2207 1016 2289 Antigono
1048 2232 1124 2276 cum

107 2296 176 2378 ipse
210 2297 395 2361 Alexander
427 2297 616 2361 Ptolomaeo
654 2317 688 2359 se
725 2295 828 2360 veluti
862 2294 1033 2357 satellitem
1065 2299 1122 2362 ob-

106 2383 252 2466 tulisset,
282 2382 378 2466 ‘Ibi,'
408 2384 530 2468 inquit,
561 2382 694 2447 ‘cuncta
721 2382 802 2446 haec
829 2381 910 2444 mihi
937 2383 1121 2451 comminus

67 2471 205 2534 adicito
239 2474 334 2554 atque
368 2495 388 2536 a
420 2494 472 2536 me
509 2471 680 2535 consilium
717 2490 813 2552 super
848 2491 883 2533 re
915 2470 1120 2554 quaeritate?

106 2558 159 2623 Ita
189 2561 227 2623 ut
259 2560 373 2622 doctus
406 2563 469 2642 est,
502 2559 709 2624 Ptolomaeus
738 2557 887 2641 protinus
917 2559 1005 2624 facit.
1058 2560 1120 2627 Sed

107 2647 215 2711 cuncti
237 2646 384 2711 ridentes
409 2651 442 2711 et
464 2647 689 2711 Ptolomaeum
717 2669 789 2711 cum
811 2647 998 2733 insignibus
1021 2653 1120 2735 regiis

107 2739 140 2800 et
162 2758 222 2820 pro
246 2735 387 2799 satellite
411 2735 631 2800 Alexandrum
660 2736 883 2823 adsistentem,
913 2761 1040 2803 summa
1068 2763 1119 2804 ex-

196 2916 212 2964 2
236 2909 383 2964 Ptolomeo
407 2909 442 2966 A.
466 2908 631 2980 ptholomeo
656 2911 691 2964 P.
724 2915 912 2980 cognomento
937 2913 971 2970 P.
1050 2920 1067 2967 4
1090 2913 1120 2967 id

107 2982 193 3036 horae
214 2981 248 3036 P.
272 2981 308 3035 ad
326 2980 412 3036 horae
431 2980 466 3036 A.
540 2986 555 3035 ὃ
574 2981 739 3037 Ptolomeus
758 2985 808 3053 (cic
825 2987 938 3053 seraper)
957 2985 992 3039 A.
1017 2986 1119 3039 Tholo-

108 3069 187 3108 meus
207 3051 241 3107 P.
297 3060 313 3107 6
333 3054 515 3122 superventus
529 3052 562 3106 P.
586 3054 724 3108 adventus
738 3054 774 3108 A.
826 3057 841 3108 7
863 3053 999 3109 candales
1019 3056 1050 3110 P.
1071 3058 1121 3124 (sic

108 3125 229 3193 semper).
266 3123 398 3194 opinatur
415 3139 511 3194 regem
530 3140 591 3179 esse
609 3124 806 3179 Ptholomeum
825 3125 859 3179 P.
897 3130 992 3180 8esse
1012 3141 1041 3178 se
1060 3127 1120 3194 qui·

109 3194 222 3263 quidem
243 3195 276 3248 P.
343 3200 375 3249 10
395 3196 574 3263 Amazonum,
594 3197 793 3265 superventum
811 3196 926 3265 scripse,
950 3198 1120 3262 superventu

108 3269 281 3320 Amazonum
299 3265 376 3321 AP.
450 3272 483 3320 13
502 3266 672 3334 quomodum
691 3267 726 3320 A.
801 3270 836 3319 14
854 3266 1011 3320 confutaret
1028 3265 1064 3320 A.

198 3337 245 3392 el.
266 3342 299 3391 16
319 3337 400 3406 eique
414 3338 447 3391 P.
467 3339 580 3404 atquae
594 3337 629 3393 A.
674 3341 706 3392 17
726 3354 761 3391 ex
774 3337 842 3391 vota
855 3336 887 3391 P.
906 3335 1031 3389 accidere
1046 3336 1118 3391 Mol.

108 3408 326 3463 accedereA.P.
371 3413 405 3462 20
424 3408 503 3462 Tunc
513 3408 546 3460 P.
584 3413 617 3463 21
637 3408 742 3477 petitus
752 3408 825 3461 Keil.
845 3405 1039 3474 penitusAP
1059 3405 1120 3461 fuat

106 3479 214 3544 scripsi.
239 3495 256 3531 a
270 3479 414 3532 Candaule
428 3494 477 3533 rex
491 3479 547 3533 fuit
555 3479 589 3535 P.
611 3479 647 3532 ad
662 3476 832 3533 Candaulem
848 3477 991 3546 egreditur
1004 3477 1118 3532 facitA.

107 3545 144 3598 ad
168 3560 227 3600 sese
253 3564 322 3603 corr.
349 3564 383 3602 ex
408 3566 442 3603 ex
467 3565 526 3604 sese
551 3550 587 3604 A.
673 3554 707 3603 28
734 3548 915 3604 adsistentem
938 3548 1045 3616 scripsi.
1071 3549 1120 3604 ad·
