<?xml version="1.0" encoding="UTF-8"?>
<!DOCTYPE html PUBLIC "-//W3C//DTD XHTML 1.0 Transitional//EN"
    "http://www.w3.org/TR/xhtml1/DTD/xhtml1-transitional.dtd">
<html xmlns="http://www.w3.org/1999/xhtml" xml:lang="en" lang="en">
 <head>
  <title>
</title>
<meta http-equiv="Content-Type" content="text/html;charset=utf-8" />
  <meta name='ocr-system' content='tesseract 3.04.00' />
  <meta name='ocr-capabilities' content='ocr_page ocr_carea ocr_par ocr_line ocrx_word'/>
</head>
<body>
  <div class='ocr_page' id='page_1' title='image "./domitiivlpianiq00huscgoog/domitiivlpianiq00huscgoog_0136.png"; bbox 0 0 2362 3938; ppageno 0'>
   <div class='ocr_carea' id='block_1_1' title="bbox 414 184 1101 252">
    <p class='ocr_par' dir='ltr' id='par_1_1' title="bbox 414 184 1101 252">
     <span class='ocr_line' id='line_1_1' title="bbox 414 184 1101 252; baseline -0.003 -11"><span class='ocrx_word' id='word_1_1' title='bbox 414 185 535 241; x_wconf 83' lang='lat' dir='ltr'><strong>ORTUS</strong></span> <span class='ocrx_word' id='word_1_2' title='bbox 554 184 779 240; x_wconf 78' lang='lat' dir='ltr'><strong>ALEXANDRI.</strong></span> <span class='ocrx_word' id='word_1_3' title='bbox 1061 185 1101 252; x_wconf 84' lang='lat'><strong>13</strong></span> 
     </span>
    </p>
   </div>
   <div class='ocr_carea' id='block_1_2' title="bbox 76 347 1126 877">
    <p class='ocr_par' dir='ltr' id='par_1_2' title="bbox 76 347 1126 877">
     <span class='ocr_line' id='line_1_2' title="bbox 77 347 1100 434; baseline 0.004 -22"><span class='ocrx_word' id='word_1_4' title='bbox 77 348 228 432; x_wconf 86' lang='lat' dir='ltr'><strong>positum</strong></span> <span class='ocrx_word' id='word_1_5' title='bbox 248 347 447 413; x_wconf 69' lang='lat' dir='ltr'><strong>interturbat</strong></span> <span class='ocrx_word' id='word_1_6' title='bbox 466 347 568 433; x_wconf 92' lang='lat' dir='ltr'><strong>deque</strong></span> <span class='ocrx_word' id='word_1_7' title='bbox 592 369 639 430; x_wconf 86' lang='lat' dir='ltr'><strong>ea,</strong></span> <span class='ocrx_word' id='word_1_8' title='bbox 663 348 688 412; x_wconf 91' lang='lat' dir='ltr'><strong>si</strong></span> <span class='ocrx_word' id='word_1_9' title='bbox 714 348 791 433; x_wconf 92' lang='lat' dir='ltr'><strong>quid</strong></span> <span class='ocrx_word' id='word_1_10' title='bbox 810 348 972 434; x_wconf 83' lang='lat' dir='ltr'><strong>inquirere</strong></span> <span class='ocrx_word' id='word_1_11' title='bbox 995 350 1100 416; x_wconf 91' lang='lat' dir='ltr'><strong>curio-</strong></span> 
     </span>
     <span class='ocr_line' id='line_1_3' title="bbox 76 435 1100 522; baseline 0.003 -21"><span class='ocrx_word' id='word_1_12' title='bbox 76 437 150 501; x_wconf 85' lang='lat' dir='ltr'><strong>sius</strong></span> <span class='ocrx_word' id='word_1_13' title='bbox 174 437 282 518; x_wconf 88' lang='lat' dir='ltr'><strong>voles,</strong></span> <span class='ocrx_word' id='word_1_14' title='bbox 306 439 357 500; x_wconf 89' lang='lat' dir='ltr'><strong>sat</strong></span> <span class='ocrx_word' id='word_1_15' title='bbox 380 436 455 522; x_wconf 90' lang='lat' dir='ltr'><strong>tibi,</strong></span> <span class='ocrx_word' id='word_1_16' title='bbox 478 436 593 521; x_wconf 90' lang='lat' dir='ltr'><strong>lector,</strong></span> <span class='ocrx_word' id='word_1_17' title='bbox 620 435 740 501; x_wconf 88' lang='lat' dir='ltr'><strong>habeto</strong></span> <span class='ocrx_word' id='word_1_18' title='bbox 765 436 924 502; x_wconf 85' lang='lat' dir='ltr'><strong>Graecum</strong></span> <span class='ocrx_word' id='word_1_19' title='bbox 948 437 1100 504; x_wconf 81' lang='lat' dir='ltr'><strong>Favorini</strong></span> 
     </span>
     <span class='ocr_line' id='line_1_4' title="bbox 79 523 1101 610; baseline 0.004 -21"><span class='ocrx_word' id='word_1_20' title='bbox 79 525 213 605; x_wconf 89' lang='lat' dir='ltr'><strong>librum,</strong></span> <span class='ocrx_word' id='word_1_21' title='bbox 237 524 295 609; x_wconf 91' lang='lat' dir='ltr'><strong>qui</strong></span> <span class='ocrx_word' id='word_1_22' title='bbox 317 523 519 610; x_wconf 84' lang='lat' dir='ltr'><strong>Omnigeuae</strong></span> <span class='ocrx_word' id='word_1_23' title='bbox 542 524 701 590; x_wconf 81' lang='lat' dir='ltr'><strong>historiae</strong></span> <span class='ocrx_word' id='word_1_24' title='bbox 726 526 985 609; x_wconf 79' lang='lat' dir='ltr'><strong>superscribitur.</strong></span> <span class='ocrx_word' id='word_1_25' title='bbox 1026 526 1101 594; x_wconf 86' lang='lat' dir='ltr'><strong>Illic</strong></span> 
     </span>
     <span class='ocr_line' id='line_1_5' title="bbox 77 612 1101 700; baseline 0.004 -22"><span class='ocrx_word' id='word_1_26' title='bbox 77 615 183 680; x_wconf 89' lang='lat' dir='ltr'><strong>etiam</strong></span> <span class='ocrx_word' id='word_1_27' title='bbox 214 613 342 697; x_wconf 84' lang='lat' dir='ltr'><strong>generis</strong></span> <span class='ocrx_word' id='word_1_28' title='bbox 366 613 543 678; x_wconf 81' lang='lat' dir='ltr'><strong>Alexandri</strong></span> <span class='ocrx_word' id='word_1_29' title='bbox 570 613 731 679; x_wconf 79' lang='lat' dir='ltr'><strong>inveneris</strong></span> <span class='ocrx_word' id='word_1_30' title='bbox 756 612 885 696; x_wconf 88' lang='lat' dir='ltr'><strong>seriem,</strong></span> <span class='ocrx_word' id='word_1_31' title='bbox 914 615 965 679; x_wconf 89' lang='lat' dir='ltr'><strong>cui</strong></span> <span class='ocrx_word' id='word_1_32' title='bbox 988 617 1101 700; x_wconf 79' lang='lat' dir='ltr'><strong>generi</strong></span> 
     </span>
     <span class='ocr_line' id='line_1_6' title="bbox 79 700 1126 789; baseline -0.001 -23"><span class='ocrx_word' id='word_1_33' title='bbox 79 701 281 787; x_wconf 90' lang='lat' dir='ltr'><strong>principium</strong></span> <span class='ocrx_word' id='word_1_34' title='bbox 304 702 506 785; x_wconf 76' lang='lat' dir='ltr'><strong>praestitisse</strong></span> <span class='ocrx_word' id='word_1_35' title='bbox 528 700 638 768; x_wconf 87' lang='lat' dir='ltr'><strong>ferunt</strong></span> <span class='ocrx_word' id='word_1_36' title='bbox 660 701 824 768; x_wconf 81' lang='lat' dir='ltr'><strong>Oceanum</strong></span> <span class='ocrx_word' id='word_1_37' title='bbox 847 703 899 767; x_wconf 88' lang='lat' dir='ltr'><strong>vel</strong></span> <span class='ocrx_word' id='word_1_38' title='bbox 918 703 1126 789; x_wconf 79' lang='lat' dir='ltr'><strong>Thetidem,e</strong></span> 
     </span>
     <span class='ocr_line' id='line_1_7' title="bbox 77 790 1100 877; baseline 0.004 -23"><span class='ocrx_word' id='word_1_39' title='bbox 77 792 220 876; x_wconf 88' lang='lat' dir='ltr'><strong>exinque</strong></span> <span class='ocrx_word' id='word_1_40' title='bbox 236 790 368 855; x_wconf 88' lang='lat' dir='ltr'><strong>fluxisse</strong></span> <span class='ocrx_word' id='word_1_41' title='bbox 386 812 445 874; x_wconf 90' lang='lat' dir='ltr'><strong>per</strong></span> <span class='ocrx_word' id='word_1_42' title='bbox 460 790 623 855; x_wconf 82' lang='lat' dir='ltr'><strong>Acrisium</strong></span> <span class='ocrx_word' id='word_1_43' title='bbox 637 790 850 877; x_wconf 83' lang='lat' dir='ltr'><strong>Danaumque</strong></span> <span class='ocrx_word' id='word_1_44' title='bbox 869 795 966 875; x_wconf 89' lang='lat' dir='ltr'><strong>atque</strong></span> <span class='ocrx_word' id='word_1_45' title='bbox 980 791 1100 858; x_wconf 90' lang='lat' dir='ltr'><strong>Persea</strong></span> 
     </span>
    </p>
   </div>
   <div class='ocr_carea' id='block_1_3' title="bbox 79 878 1137 2912">
    <p class='ocr_par' dir='ltr' id='par_1_3' title="bbox 79 878 1137 1563">
     <span class='ocr_line' id='line_1_8' title="bbox 79 878 1099 965; baseline 0.004 -22"><span class='ocrx_word' id='word_1_46' title='bbox 79 880 269 962; x_wconf 87' lang='lat' dir='ltr'><strong>multosque</strong></span> <span class='ocrx_word' id='word_1_47' title='bbox 294 880 374 944; x_wconf 89' lang='lat' dir='ltr'><strong>alios</strong></span> <span class='ocrx_word' id='word_1_48' title='bbox 398 880 432 944; x_wconf 92' lang='lat' dir='ltr'><strong>in</strong></span> <span class='ocrx_word' id='word_1_49' title='bbox 455 878 627 944; x_wconf 87' lang='lat' dir='ltr'><strong>Perdiccae</strong></span> <span class='ocrx_word' id='word_1_50' title='bbox 652 899 772 965; x_wconf 78' lang='lat' dir='ltr'><strong>genera</strong></span> <span class='ocrx_word' id='word_1_51' title='bbox 794 880 847 944; x_wconf 88' lang='lat' dir='ltr'><strong>vel</strong></span> <span class='ocrx_word' id='word_1_52' title='bbox 866 879 1099 965; x_wconf 90' lang='lat' dir='ltr'><strong>Philipporum.</strong></span> 
     </span>
     <span class='ocr_line' id='line_1_9' title="bbox 79 965 1099 1054; baseline 0.002 -22"><span class='ocrx_word' id='word_1_53' title='bbox 79 967 165 1033; x_wconf 89' lang='lat' dir='ltr'><strong>Nam</strong></span> <span class='ocrx_word' id='word_1_54' title='bbox 198 988 240 1032; x_wconf 90' lang='lat' dir='ltr'><strong>ne</strong></span> <span class='ocrx_word' id='word_1_55' title='bbox 268 965 454 1052; x_wconf 86' lang='lat' dir='ltr'><strong>Olympiadi</strong></span> <span class='ocrx_word' id='word_1_56' title='bbox 485 967 614 1052; x_wconf 89' lang='lat' dir='ltr'><strong>quidem</strong></span> <span class='ocrx_word' id='word_1_57' title='bbox 643 988 734 1034; x_wconf 90' lang='lat' dir='ltr'><strong>secus</strong></span> <span class='ocrx_word' id='word_1_58' title='bbox 764 988 910 1054; x_wconf 78' lang='lat' dir='ltr'><strong>propago</strong></span> <span class='ocrx_word' id='word_1_59' title='bbox 942 990 1099 1054; x_wconf 88' lang='lat' dir='ltr'><strong>generosa</strong></span> 
     </span>
     <span class='ocr_line' id='line_1_10' title="bbox 79 1055 1099 1142; baseline 0.004 -22"><span class='ocrx_word' id='word_1_60' title='bbox 79 1062 147 1139; x_wconf 88' lang='lat' dir='ltr'><strong>est,</strong></span> <span class='ocrx_word' id='word_1_61' title='bbox 176 1056 230 1121; x_wconf 89' lang='lat' dir='ltr'><strong>cui</strong></span> <span class='ocrx_word' id='word_1_62' title='bbox 258 1055 428 1140; x_wconf 84' lang='lat' dir='ltr'><strong>diligentia</strong></span> <span class='ocrx_word' id='word_1_63' title='bbox 451 1058 522 1140; x_wconf 87' lang='lat' dir='ltr'><strong>pari</strong></span> <span class='ocrx_word' id='word_1_64' title='bbox 546 1079 566 1120; x_wconf 88' lang='lat' dir='ltr'><strong>a</strong></span> <span class='ocrx_word' id='word_1_65' title='bbox 588 1056 701 1122; x_wconf 90' lang='lat' dir='ltr'><strong>mundi</strong></span> <span class='ocrx_word' id='word_1_66' title='bbox 723 1058 884 1142; x_wconf 89' lang='lat' dir='ltr'><strong>principio</strong></span> <span class='ocrx_word' id='word_1_67' title='bbox 907 1078 966 1142; x_wconf 88' lang='lat' dir='ltr'><strong>per</strong></span> <span class='ocrx_word' id='word_1_68' title='bbox 989 1058 1099 1124; x_wconf 81' lang='lat' dir='ltr'><strong>Satur·</strong></span> 
     </span>
     <span class='ocr_line' id='line_1_11' title="bbox 79 1145 1137 1229; baseline -0.003 -20"><span class='ocrx_word' id='word_1_69' title='bbox 79 1167 160 1209; x_wconf 89' lang='lat' dir='ltr'><strong>num</strong></span> <span class='ocrx_word' id='word_1_70' title='bbox 194 1148 291 1229; x_wconf 87' lang='lat' dir='ltr'><strong>atque</strong></span> <span class='ocrx_word' id='word_1_71' title='bbox 317 1145 519 1229; x_wconf 85' lang='lat' dir='ltr'><strong>Neptunum,</strong></span> <span class='ocrx_word' id='word_1_72' title='bbox 549 1148 619 1210; x_wconf 90' lang='lat' dir='ltr'><strong>tum</strong></span> <span class='ocrx_word' id='word_1_73' title='bbox 647 1146 745 1210; x_wconf 88' lang='lat' dir='ltr'><strong>etiam</strong></span> <span class='ocrx_word' id='word_1_74' title='bbox 772 1145 952 1212; x_wconf 84' lang='lat' dir='ltr'><strong>Telamona</strong></span> <span class='ocrx_word' id='word_1_75' title='bbox 982 1147 1099 1214; x_wconf 90' lang='lat' dir='ltr'><strong>seriem</strong></span> <span class='ocrx_word' id='word_1_76' title='bbox 1113 1167 1137 1207; x_wconf 82' lang='grc' dir='ltr'><strong>ιο</strong></span> 
     </span>
     <span class='ocr_line' id='line_1_12' title="bbox 79 1232 1099 1318; baseline 0.004 -21"><span class='ocrx_word' id='word_1_77' title='bbox 79 1233 213 1318; x_wconf 83' lang='lat' dir='ltr'><strong>generis</strong></span> <span class='ocrx_word' id='word_1_78' title='bbox 242 1235 396 1316; x_wconf 82' lang='lat' dir='ltr'><strong>attexuit,</strong></span> <span class='ocrx_word' id='word_1_79' title='bbox 426 1234 466 1298; x_wconf 88' lang='lat' dir='ltr'><strong>ad</strong></span> <span class='ocrx_word' id='word_1_80' title='bbox 498 1235 693 1318; x_wconf 90' lang='lat' dir='ltr'><strong>tertiumque</strong></span> <span class='ocrx_word' id='word_1_81' title='bbox 721 1232 973 1317; x_wconf 88' lang='lat' dir='ltr'><strong>Neoptolemum</strong></span> <span class='ocrx_word' id='word_1_82' title='bbox 1005 1236 1099 1301; x_wconf 90' lang='lat' dir='ltr'><strong>docet</strong></span> 
     </span>
     <span class='ocr_line' id='line_1_13' title="bbox 80 1322 1099 1406; baseline 0.004 -21"><span class='ocrx_word' id='word_1_83' title='bbox 80 1322 271 1406; x_wconf 85' lang='lat' dir='ltr'><strong>prosapiam</strong></span> <span class='ocrx_word' id='word_1_84' title='bbox 312 1323 504 1404; x_wconf 87' lang='lat' dir='ltr'><strong>defluxisse,</strong></span> <span class='ocrx_word' id='word_1_85' title='bbox 545 1323 635 1386; x_wconf 87' lang='lat' dir='ltr'><strong>euius</strong></span> <span class='ocrx_word' id='word_1_86' title='bbox 676 1343 756 1388; x_wconf 77' lang='lat' dir='ltr'><strong>uxor</strong></span> <span class='ocrx_word' id='word_1_87' title='bbox 796 1324 952 1389; x_wconf 87' lang='lat' dir='ltr'><strong>Anasafia</strong></span> <span class='ocrx_word' id='word_1_88' title='bbox 995 1329 1099 1390; x_wconf 88' lang='lat' dir='ltr'><strong>mater</strong></span> 
     </span>
     <span class='ocr_line' id='line_1_14' title="bbox 80 1410 1098 1494; baseline 0.003 -19"><span class='ocrx_word' id='word_1_89' title='bbox 80 1410 286 1494; x_wconf 88' lang='lat' dir='ltr'><strong>Olympiadis</strong></span> <span class='ocrx_word' id='word_1_90' title='bbox 319 1411 408 1475; x_wconf 88' lang='lat' dir='ltr'><strong>cluit.</strong></span> <span class='ocrx_word' id='word_1_91' title='bbox 460 1410 566 1494; x_wconf 81' lang='lat' dir='ltr'><strong>Igitur</strong></span> <span class='ocrx_word' id='word_1_92' title='bbox 597 1412 641 1475; x_wconf 84' lang='lat' dir='ltr'><strong>ad</strong></span> <span class='ocrx_word' id='word_1_93' title='bbox 670 1410 891 1476; x_wconf 83' lang='lat' dir='ltr'><strong>Alexandrum</strong></span> <span class='ocrx_word' id='word_1_94' title='bbox 924 1434 1016 1477; x_wconf 89' lang='lat' dir='ltr'><strong>mens</strong></span> <span class='ocrx_word' id='word_1_95' title='bbox 1048 1436 1098 1479; x_wconf 90' lang='lat' dir='ltr'><strong>re·</strong></span> 
     </span>
     <span class='ocr_line' id='line_1_15' title="bbox 79 1504 201 1563; baseline -0.016 0"><span class='ocrx_word' id='word_1_96' title='bbox 79 1504 201 1563; x_wconf 85' lang='lat' dir='ltr'><strong>currat.</strong></span> 
     </span>
    </p>

    <p class='ocr_par' dir='ltr' id='par_1_4' title="bbox 79 1585 1137 2912">
     <span class='ocr_line' id='line_1_16' title="bbox 171 1585 1137 1672; baseline -0.003 -21"><span class='ocrx_word' id='word_1_97' title='bbox 171 1587 256 1651; x_wconf 83' lang='lat' dir='ltr'><strong>Erat</strong></span> <span class='ocrx_word' id='word_1_98' title='bbox 278 1585 408 1670; x_wconf 89' lang='lat' dir='ltr'><strong>quidem</strong></span> <span class='ocrx_word' id='word_1_99' title='bbox 435 1587 490 1653; x_wconf 93' lang='lat' dir='ltr'><strong>ille</strong></span> <span class='ocrx_word' id='word_1_100' title='bbox 519 1588 560 1652; x_wconf 88' lang='lat' dir='ltr'><strong>ad</strong></span> <span class='ocrx_word' id='word_1_101' title='bbox 584 1608 695 1652; x_wconf 91' lang='lat' dir='ltr'><strong>omnes</strong></span> <span class='ocrx_word' id='word_1_102' title='bbox 723 1588 939 1653; x_wconf 75' lang='lat' dir='ltr'><strong>litterariam</strong></span> <span class='ocrx_word' id='word_1_103' title='bbox 963 1589 1096 1672; x_wconf 87' lang='lat' dir='ltr'><strong>peritus,</strong></span> <span class='ocrx_word' id='word_1_104' title='bbox 1111 1607 1137 1648; x_wconf 84' lang='lat'><strong>15</strong></span> 
     </span>
     <span class='ocr_line' id='line_1_17' title="bbox 79 1674 1098 1760; baseline 0.002 -20"><span class='ocrx_word' id='word_1_105' title='bbox 79 1679 113 1740; x_wconf 91' lang='lat' dir='ltr'><strong>et</strong></span> <span class='ocrx_word' id='word_1_106' title='bbox 137 1675 203 1740; x_wconf 91' lang='lat' dir='ltr'><strong>sibi</strong></span> <span class='ocrx_word' id='word_1_107' title='bbox 222 1676 358 1759; x_wconf 90' lang='lat' dir='ltr'><strong>quisque</strong></span> <span class='ocrx_word' id='word_1_108' title='bbox 376 1674 471 1741; x_wconf 88' lang='lat' dir='ltr'><strong>ludus</strong></span> <span class='ocrx_word' id='word_1_109' title='bbox 491 1678 524 1739; x_wconf 91' lang='lat' dir='ltr'><strong>in</strong></span> <span class='ocrx_word' id='word_1_110' title='bbox 544 1698 643 1759; x_wconf 89' lang='lat' dir='ltr'><strong>puero</strong></span> <span class='ocrx_word' id='word_1_111' title='bbox 662 1676 831 1758; x_wconf 89' lang='lat' dir='ltr'><strong>imperiale</strong></span> <span class='ocrx_word' id='word_1_112' title='bbox 850 1676 973 1760; x_wconf 87' lang='lat' dir='ltr'><strong>aliquid</strong></span> <span class='ocrx_word' id='word_1_113' title='bbox 991 1676 1098 1742; x_wconf 89' lang='lat' dir='ltr'><strong>fuerat</strong></span> 
     </span>
     <span class='ocr_line' id='line_1_18' title="bbox 80 1762 1097 1849; baseline 0.001 -21"><span class='ocrx_word' id='word_1_114' title='bbox 80 1764 361 1831; x_wconf 89' lang='lat' dir='ltr'><strong>meditamentum.</strong></span> <span class='ocrx_word' id='word_1_115' title='bbox 379 1762 465 1828; x_wconf 89' lang='lat' dir='ltr'><strong>Nam</strong></span> <span class='ocrx_word' id='word_1_116' title='bbox 481 1765 583 1829; x_wconf 91' lang='lat' dir='ltr'><strong>sicubi</strong></span> <span class='ocrx_word' id='word_1_117' title='bbox 597 1772 725 1849; x_wconf 89' lang='lat' dir='ltr'><strong>tempus</strong></span> <span class='ocrx_word' id='word_1_118' title='bbox 740 1786 813 1829; x_wconf 89' lang='lat' dir='ltr'><strong>oum</strong></span> <span class='ocrx_word' id='word_1_119' title='bbox 825 1765 936 1827; x_wconf 89' lang='lat' dir='ltr'><strong>labore</strong></span> <span class='ocrx_word' id='word_1_120' title='bbox 946 1764 1097 1830; x_wconf 91' lang='lat' dir='ltr'><strong>lectionis</strong></span> 
     </span>
     <span class='ocr_line' id='line_1_19' title="bbox 80 1852 1096 1936; baseline 0 -19"><span class='ocrx_word' id='word_1_121' title='bbox 80 1853 284 1936; x_wconf 86' lang='lat' dir='ltr'><strong>absolverat,</strong></span> <span class='ocrx_word' id='word_1_122' title='bbox 311 1855 345 1916; x_wconf 90' lang='lat' dir='ltr'><strong>et</strong></span> <span class='ocrx_word' id='word_1_123' title='bbox 370 1852 514 1918; x_wconf 87' lang='lat' dir='ltr'><strong>iudicare</strong></span> <span class='ocrx_word' id='word_1_124' title='bbox 542 1854 658 1918; x_wconf 90' lang='lat' dir='ltr'><strong>solitus</strong></span> <span class='ocrx_word' id='word_1_125' title='bbox 684 1853 769 1917; x_wconf 88' lang='lat' dir='ltr'><strong>inter</strong></span> <span class='ocrx_word' id='word_1_126' title='bbox 792 1873 971 1936; x_wconf 85' lang='lat' dir='ltr'><strong>aequaevos</strong></span> <span class='ocrx_word' id='word_1_127' title='bbox 996 1856 1028 1918; x_wconf 92' lang='lat' dir='ltr'><strong>et</strong></span> <span class='ocrx_word' id='word_1_128' title='bbox 1051 1855 1096 1917; x_wconf 93' lang='lat' dir='ltr'><strong>in·</strong></span> 
     </span>
     <span class='ocr_line' id='line_1_20' title="bbox 80 1940 1097 2026; baseline 0.001 -20"><span class='ocrx_word' id='word_1_129' title='bbox 80 1942 246 2023; x_wconf 88' lang='lat' dir='ltr'><strong>dustriari‚</strong></span> <span class='ocrx_word' id='word_1_130' title='bbox 272 1945 429 2025; x_wconf 89' lang='lat' dir='ltr'><strong>quatenus</strong></span> <span class='ocrx_word' id='word_1_131' title='bbox 453 1943 540 2006; x_wconf 89' lang='lat' dir='ltr'><strong>inter</strong></span> <span class='ocrx_word' id='word_1_132' title='bbox 563 1942 624 2007; x_wconf 90' lang='lat' dir='ltr'><strong>hos</strong></span> <span class='ocrx_word' id='word_1_133' title='bbox 648 1945 839 2026; x_wconf 85' lang='lat' dir='ltr'><strong>argumenta</strong></span> <span class='ocrx_word' id='word_1_134' title='bbox 862 1940 961 2023; x_wconf 83' lang='lat' dir='ltr'><strong>iurgii</strong></span> <span class='ocrx_word' id='word_1_135' title='bbox 984 1963 1097 2007; x_wconf 91' lang='lat' dir='ltr'><strong>nasce-</strong></span> 
     </span>
     <span class='ocr_line' id='line_1_21' title="bbox 79 2028 1136 2115; baseline -0.004 -21"><span class='ocrx_word' id='word_1_136' title='bbox 79 2034 211 2113; x_wconf 83' lang='lat' dir='ltr'><strong>rentur3</strong></span> <span class='ocrx_word' id='word_1_137' title='bbox 235 2033 374 2095; x_wconf 85' lang='lat' dir='ltr'><strong>acturo</strong></span> <span class='ocrx_word' id='word_1_138' title='bbox 397 2030 492 2096; x_wconf 88' lang='lat' dir='ltr'><strong>alteri</strong></span> <span class='ocrx_word' id='word_1_139' title='bbox 515 2030 716 2115; x_wconf 84' lang='lat' dir='ltr'><strong>iurgantium</strong></span> <span class='ocrx_word' id='word_1_140' title='bbox 739 2030 868 2113; x_wconf 85' lang='lat' dir='ltr'><strong>favens,</strong></span> <span class='ocrx_word' id='word_1_141' title='bbox 890 2028 947 2093; x_wconf 91' lang='lat' dir='ltr'><strong>ubi</strong></span> <span class='ocrx_word' id='word_1_142' title='bbox 969 2032 1095 2113; x_wconf 88' lang='lat' dir='ltr'><strong>partem</strong></span> <span class='ocrx_word' id='word_1_143' title='bbox 1110 2049 1136 2090; x_wconf 84' lang='lat' dir='ltr'><strong>eo</strong></span> 
     </span>
     <span class='ocr_line' id='line_1_22' title="bbox 80 2117 1096 2204; baseline 0 -22"><span class='ocrx_word' id='word_1_144' title='bbox 80 2119 170 2182; x_wconf 89' lang='lat' dir='ltr'><strong>illius</strong></span> <span class='ocrx_word' id='word_1_145' title='bbox 195 2118 327 2202; x_wconf 87' lang='lat' dir='ltr'><strong>ingenio</strong></span> <span class='ocrx_word' id='word_1_146' title='bbox 347 2119 558 2204; x_wconf 81' lang='lat' dir='ltr'><strong>sublevasset,</strong></span> <span class='ocrx_word' id='word_1_147' title='bbox 582 2120 696 2184; x_wconf 88' lang='lat' dir='ltr'><strong>solitus</strong></span> <span class='ocrx_word' id='word_1_148' title='bbox 720 2118 755 2182; x_wconf 93' lang='lat' dir='ltr'><strong>in</strong></span> <span class='ocrx_word' id='word_1_149' title='bbox 777 2117 972 2182; x_wconf 87' lang='lat' dir='ltr'><strong>contrariam</strong></span> <span class='ocrx_word' id='word_1_150' title='bbox 996 2120 1096 2184; x_wconf 88' lang='lat' dir='ltr'><strong>resul-</strong></span> 
     </span>
     <span class='ocr_line' id='line_1_23' title="bbox 80 2207 1096 2291; baseline 0.001 -20"><span class='ocrx_word' id='word_1_151' title='bbox 80 2212 153 2271; x_wconf 87' lang='lat' dir='ltr'><strong>tare</strong></span> <span class='ocrx_word' id='word_1_152' title='bbox 171 2229 347 2290; x_wconf 89' lang='lat' dir='ltr'><strong>rursusque</strong></span> <span class='ocrx_word' id='word_1_153' title='bbox 363 2212 475 2272; x_wconf 89' lang='lat' dir='ltr'><strong>contra</strong></span> <span class='ocrx_word' id='word_1_154' title='bbox 491 2230 571 2288; x_wconf 90' lang='lat' dir='ltr'><strong>eam,</strong></span> <span class='ocrx_word' id='word_1_155' title='bbox 591 2207 643 2272; x_wconf 92' lang='lat' dir='ltr'><strong>cui</strong></span> <span class='ocrx_word' id='word_1_156' title='bbox 656 2208 766 2291; x_wconf 90' lang='lat' dir='ltr'><strong>paullo</strong></span> <span class='ocrx_word' id='word_1_157' title='bbox 783 2211 857 2271; x_wconf 85' lang='lat' dir='ltr'><strong>ante</strong></span> <span class='ocrx_word' id='word_1_158' title='bbox 872 2207 1096 2290; x_wconf 88' lang='lat' dir='ltr'><strong>patrocinatus</strong></span> 
     </span>
     <span class='ocr_line' id='line_1_24' title="bbox 80 2295 1096 2381; baseline 0.001 -21"><span class='ocrx_word' id='word_1_159' title='bbox 80 2295 204 2378; x_wconf 88' lang='lat' dir='ltr'><strong>fuerat,</strong></span> <span class='ocrx_word' id='word_1_160' title='bbox 232 2296 346 2361; x_wconf 87' lang='lat' dir='ltr'><strong>dicere.</strong></span> <span class='ocrx_word' id='word_1_161' title='bbox 390 2295 505 2381; x_wconf 89' lang='lat' dir='ltr'><strong>Itaque</strong></span> <span class='ocrx_word' id='word_1_162' title='bbox 529 2319 602 2361; x_wconf 90' lang='lat' dir='ltr'><strong>cum</strong></span> <span class='ocrx_word' id='word_1_163' title='bbox 626 2317 722 2380; x_wconf 90' lang='lat' dir='ltr'><strong>saepe</strong></span> <span class='ocrx_word' id='word_1_164' title='bbox 746 2296 873 2380; x_wconf 91' lang='lat' dir='ltr'><strong>utrique</strong></span> <span class='ocrx_word' id='word_1_165' title='bbox 896 2296 982 2378; x_wconf 89' lang='lat' dir='ltr'><strong>parti</strong></span> <span class='ocrx_word' id='word_1_166' title='bbox 1005 2297 1096 2361; x_wconf 90' lang='lat' dir='ltr'><strong>utilis</strong></span> 
     </span>
     <span class='ocr_line' id='line_1_25' title="bbox 79 2384 1097 2469; baseline 0.004 -23"><span class='ocrx_word' id='word_1_167' title='bbox 79 2384 205 2450; x_wconf 78' lang='lat' dir='ltr'><strong>fauisor</strong></span> <span class='ocrx_word' id='word_1_168' title='bbox 223 2405 261 2448; x_wconf 89' lang='lat' dir='ltr'><strong>ac</strong></span> <span class='ocrx_word' id='word_1_169' title='bbox 280 2389 431 2448; x_wconf 89' lang='lat' dir='ltr'><strong>strenuus</strong></span> <span class='ocrx_word' id='word_1_170' title='bbox 451 2386 554 2450; x_wconf 86' lang='lat' dir='ltr'><strong>victor</strong></span> <span class='ocrx_word' id='word_1_171' title='bbox 572 2385 666 2469; x_wconf 90' lang='lat' dir='ltr'><strong>foret,</strong></span> <span class='ocrx_word' id='word_1_172' title='bbox 685 2384 871 2467; x_wconf 90' lang='lat' dir='ltr'><strong>opinionem</strong></span> <span class='ocrx_word' id='word_1_173' title='bbox 890 2406 954 2448; x_wconf 94' lang='lat' dir='ltr'><strong>non</strong></span> <span class='ocrx_word' id='word_1_174' title='bbox 973 2385 1097 2450; x_wconf 86' lang='lat' dir='ltr'><strong>frustra</strong></span> 
     </span>
     <span class='ocr_line' id='line_1_26' title="bbox 80 2472 1136 2558; baseline -0.003 -22"><span class='ocrx_word' id='word_1_175' title='bbox 80 2473 144 2537; x_wconf 91' lang='lat' dir='ltr'><strong>sibi</strong></span> <span class='ocrx_word' id='word_1_176' title='bbox 169 2472 356 2555; x_wconf 85' lang='lat' dir='ltr'><strong>spectabilis</strong></span> <span class='ocrx_word' id='word_1_177' title='bbox 379 2473 504 2556; x_wconf 84' lang='lat' dir='ltr'><strong>ingenii</strong></span> <span class='ocrx_word' id='word_1_178' title='bbox 527 2472 745 2537; x_wconf 89' lang='lat' dir='ltr'><strong>confirmarat.</strong></span> <span class='ocrx_word' id='word_1_179' title='bbox 791 2472 919 2537; x_wconf 89' lang='lat' dir='ltr'><strong>Interea</strong></span> <span class='ocrx_word' id='word_1_180' title='bbox 942 2473 1016 2558; x_wconf 89' lang='lat' dir='ltr'><strong>viri,</strong></span> <span class='ocrx_word' id='word_1_181' title='bbox 1040 2473 1096 2558; x_wconf 93' lang='lat' dir='ltr'><strong>qui</strong></span> <span class='ocrx_word' id='word_1_182' title='bbox 1110 2493 1136 2534; x_wconf 73' lang='lat' dir='ltr'><strong>aa</strong></span> 
     </span>
     <span class='ocr_line' id='line_1_27' title="bbox 80 2559 1096 2645; baseline 0.002 -21"><span class='ocrx_word' id='word_1_183' title='bbox 80 2559 227 2644; x_wconf 89' lang='lat' dir='ltr'><strong>Philippi</strong></span> <span class='ocrx_word' id='word_1_184' title='bbox 251 2565 398 2626; x_wconf 87' lang='lat' dir='ltr'><strong>armenta</strong></span> <span class='ocrx_word' id='word_1_185' title='bbox 417 2562 469 2626; x_wconf 88' lang='lat' dir='ltr'><strong>vel</strong></span> <span class='ocrx_word' id='word_1_186' title='bbox 493 2563 615 2645; x_wconf 89' lang='lat' dir='ltr'><strong>equitia</strong></span> <span class='ocrx_word' id='word_1_187' title='bbox 638 2562 806 2638; x_wconf 88' lang='lat' dir='ltr'><strong>curabant,</strong></span> <span class='ocrx_word' id='word_1_188' title='bbox 830 2583 948 2644; x_wconf 91' lang='lat' dir='ltr'><strong>equum</strong></span> <span class='ocrx_word' id='word_1_189' title='bbox 972 2565 1096 2645; x_wconf 86' lang='lat' dir='ltr'><strong>speeta-</strong></span> 
     </span>
     <span class='ocr_line' id='line_1_28' title="bbox 80 2649 1097 2734; baseline 0.001 -21"><span class='ocrx_word' id='word_1_190' title='bbox 80 2650 158 2713; x_wconf 90' lang='lat' dir='ltr'><strong>bilis</strong></span> <span class='ocrx_word' id='word_1_191' title='bbox 192 2649 316 2714; x_wconf 83' lang='lat' dir='ltr'><strong>formae</strong></span> <span class='ocrx_word' id='word_1_192' title='bbox 346 2649 587 2734; x_wconf 89' lang='lat' dir='ltr'><strong>pulchritudine</strong></span> <span class='ocrx_word' id='word_1_193' title='bbox 619 2649 803 2716; x_wconf 89' lang='lat' dir='ltr'><strong>absolutum</strong></span> <span class='ocrx_word' id='word_1_194' title='bbox 834 2649 904 2734; x_wconf 87' lang='lat' dir='ltr'><strong>regi</strong></span> <span class='ocrx_word' id='word_1_195' title='bbox 935 2650 1097 2714; x_wconf 91' lang='lat' dir='ltr'><strong>deducunt</strong></span> 
     </span>
     <span class='ocr_line' id='line_1_29' title="bbox 81 2737 1095 2823; baseline 0.001 -21"><span class='ocrx_word' id='word_1_196' title='bbox 81 2739 238 2822; x_wconf 91' lang='lat' dir='ltr'><strong>aiuntque</strong></span> <span class='ocrx_word' id='word_1_197' title='bbox 261 2738 353 2801; x_wconf 92' lang='lat' dir='ltr'><strong>illum</strong></span> <span class='ocrx_word' id='word_1_198' title='bbox 376 2739 516 2802; x_wconf 90' lang='lat' dir='ltr'><strong>armenti</strong></span> <span class='ocrx_word' id='word_1_199' title='bbox 539 2737 666 2822; x_wconf 92' lang='lat' dir='ltr'><strong>quidem</strong></span> <span class='ocrx_word' id='word_1_200' title='bbox 690 2738 810 2823; x_wconf 85' lang='lat' dir='ltr'><strong>regalis</strong></span> <span class='ocrx_word' id='word_1_201' title='bbox 834 2757 950 2821; x_wconf 84' lang='lat' dir='ltr'><strong>genus,</strong></span> <span class='ocrx_word' id='word_1_202' title='bbox 977 2739 1095 2804; x_wconf 87' lang='lat' dir='ltr'><strong>forma-</strong></span> 
     </span>
     <span class='ocr_line' id='line_1_30' title="bbox 80 2824 1096 2912; baseline 0.001 -22"><span class='ocrx_word' id='word_1_203' title='bbox 80 2832 150 2890; x_wconf 90' lang='lat' dir='ltr'><strong>tum</strong></span> <span class='ocrx_word' id='word_1_204' title='bbox 170 2825 307 2910; x_wconf 89' lang='lat' dir='ltr'><strong>pedibus</strong></span> <span class='ocrx_word' id='word_1_205' title='bbox 327 2827 367 2891; x_wconf 89' lang='lat' dir='ltr'><strong>ad</strong></span> <span class='ocrx_word' id='word_1_206' title='bbox 386 2824 504 2911; x_wconf 85' lang='lat' dir='ltr'><strong>Pegasi</strong></span> <span class='ocrx_word' id='word_1_207' title='bbox 522 2826 669 2891; x_wconf 83' lang='lat' dir='ltr'><strong>fabulam</strong></span> <span class='ocrx_word' id='word_1_208' title='bbox 691 2826 899 2910; x_wconf 88' lang='lat' dir='ltr'><strong>opinabilem,</strong></span> <span class='ocrx_word' id='word_1_209' title='bbox 923 2828 1003 2890; x_wconf 91' lang='lat' dir='ltr'><strong>etsi</strong></span> <span class='ocrx_word' id='word_1_210' title='bbox 1022 2827 1096 2912; x_wconf 85' lang='lat' dir='ltr'><strong>equi</strong></span> 
     </span>
    </p>
   </div>
   <div class='ocr_carea' id='block_1_4' title="bbox 80 2981 1097 3619">
    <p class='ocr_par' dir='ltr' id='par_1_5' title="bbox 80 2981 1097 3619">
     <span class='ocr_line' id='line_1_31' title="bbox 171 2981 1095 3052; baseline 0 -17"><span class='ocrx_word' id='word_1_211' title='bbox 171 2989 188 3035; x_wconf 83' lang='lat'><strong>3</strong></span> <span class='ocrx_word' id='word_1_212' title='bbox 204 2988 269 3051; x_wconf 82' lang='lat' dir='ltr'><strong>post</strong></span> <span class='ocrx_word' id='word_1_213' title='bbox 278 2983 381 3036; x_wconf 88' lang='lat' dir='ltr'><strong>librum</strong></span> <span class='ocrx_word' id='word_1_214' title='bbox 388 2982 490 3037; x_wconf 77' lang='lat' dir='ltr'><strong>libert.</strong></span> <span class='ocrx_word' id='word_1_215' title='bbox 504 2984 656 3051; x_wconf 75' lang='lat' dir='ltr'><strong>interponit</strong></span> <span class='ocrx_word' id='word_1_216' title='bbox 669 2982 781 3038; x_wconf 85' lang='lat' dir='ltr'><strong>adiisse.</strong></span> <span class='ocrx_word' id='word_1_217' title='bbox 802 2981 976 3052; x_wconf 86' lang='lat' dir='ltr'><strong>Omuigenae</strong></span> <span class='ocrx_word' id='word_1_218' title='bbox 988 2982 1095 3051; x_wconf 77' lang='lat' dir='ltr'><strong>scripsi.</strong></span> 
     </span>
     <span class='ocr_line' id='line_1_32' title="bbox 82 3051 1096 3122; baseline -0.002 -15"><span class='ocrx_word' id='word_1_219' title='bbox 82 3053 166 3108; x_wconf 89' lang='lat' dir='ltr'><strong>Omni</strong></span> <span class='ocrx_word' id='word_1_220' title='bbox 185 3069 290 3121; x_wconf 80' lang='lat' dir='ltr'><strong>genere</strong></span> <span class='ocrx_word' id='word_1_221' title='bbox 310 3054 343 3106; x_wconf 94' lang='lat' dir='ltr'><strong><em>P.</em></strong></span> <span class='ocrx_word' id='word_1_222' title='bbox 417 3053 592 3108; x_wconf 86' lang='lat' dir='ltr'><strong>6Acrisium</strong></span> <span class='ocrx_word' id='word_1_223' title='bbox 610 3055 794 3122; x_wconf 88' lang='lat' dir='ltr'><strong>Danaumque</strong></span> <span class='ocrx_word' id='word_1_224' title='bbox 814 3055 873 3107; x_wconf 88' lang='lat' dir='ltr'><strong>Mr.</strong></span> <span class='ocrx_word' id='word_1_225' title='bbox 902 3051 1024 3105; x_wconf 86' lang='lat' dir='ltr'><strong>Acrisios</strong></span> <span class='ocrx_word' id='word_1_226' title='bbox 1042 3053 1096 3105; x_wconf 88' lang='lat' dir='ltr'><strong>Da·</strong></span> 
     </span>
     <span class='ocr_line' id='line_1_33' title="bbox 81 3122 1097 3195; baseline -0.005 -17"><span class='ocrx_word' id='word_1_227' title='bbox 81 3142 206 3193; x_wconf 87' lang='lat' dir='ltr'><strong>neceque</strong></span> <span class='ocrx_word' id='word_1_228' title='bbox 216 3125 250 3179; x_wconf 93' lang='lat' dir='ltr'><strong><em>P.</em></strong></span> <span class='ocrx_word' id='word_1_229' title='bbox 290 3130 322 3178; x_wconf 86' lang='lat'><strong>11</strong></span> <span class='ocrx_word' id='word_1_230' title='bbox 338 3124 556 3193; x_wconf 88' lang='lat' dir='ltr'><strong>Neoptolemum</strong></span> <span class='ocrx_word' id='word_1_231' title='bbox 565 3124 648 3195; x_wconf 78' lang='lat' dir='ltr'><strong>Berp.</strong></span> <span class='ocrx_word' id='word_1_232' title='bbox 665 3124 900 3195; x_wconf 86' lang='lat' dir='ltr'><strong>Neoptolemeum</strong></span> <span class='ocrx_word' id='word_1_233' title='bbox 908 3122 941 3176; x_wconf 93' lang='lat' dir='ltr'><strong>P.</strong></span> <span class='ocrx_word' id='word_1_234' title='bbox 980 3125 1012 3173; x_wconf 82' lang='lat'><strong>12</strong></span> <span class='ocrx_word' id='word_1_235' title='bbox 1028 3138 1097 3175; x_wconf 88' lang='lat' dir='ltr'><strong>uxor</strong></span> 
     </span>
     <span class='ocr_line' id='line_1_34' title="bbox 81 3190 1095 3264; baseline -0.004 -15"><span class='ocrx_word' id='word_1_236' title='bbox 81 3198 145 3251; x_wconf 82' lang='lat' dir='ltr'><strong>add.</strong></span> <span class='ocrx_word' id='word_1_237' title='bbox 166 3196 228 3250; x_wconf 89' lang='lat' dir='ltr'><strong>Mr.</strong></span> <span class='ocrx_word' id='word_1_238' title='bbox 267 3200 300 3249; x_wconf 89' lang='lat'><strong>13</strong></span> <span class='ocrx_word' id='word_1_239' title='bbox 320 3196 356 3248; x_wconf 88' lang='lat' dir='ltr'><strong>ad</strong></span> <span class='ocrx_word' id='word_1_240' title='bbox 374 3196 438 3250; x_wconf 81' lang='lat' dir='ltr'><strong>odd.</strong></span> <span class='ocrx_word' id='word_1_241' title='bbox 458 3195 539 3264; x_wconf 78' lang='lat' dir='ltr'><strong>Berp.</strong></span> <span class='ocrx_word' id='word_1_242' title='bbox 579 3201 611 3250; x_wconf 80' lang='grc'><strong>17</strong></span> <span class='ocrx_word' id='word_1_243' title='bbox 631 3196 654 3248; x_wconf 90' lang='lat' dir='ltr'><strong>si</strong></span> <span class='ocrx_word' id='word_1_244' title='bbox 673 3193 763 3249; x_wconf 90' lang='lat' dir='ltr'><strong>sicubi</strong></span> <span class='ocrx_word' id='word_1_245' title='bbox 783 3193 817 3248; x_wconf 93' lang='lat' dir='ltr'><strong>P.</strong></span> <span class='ocrx_word' id='word_1_246' title='bbox 856 3197 888 3245; x_wconf 85' lang='lat'><strong>19</strong></span> <span class='ocrx_word' id='word_1_247' title='bbox 907 3190 1040 3259; x_wconf 87' lang='lat' dir='ltr'><strong>quatinus</strong></span> <span class='ocrx_word' id='word_1_248' title='bbox 1061 3192 1095 3245; x_wconf 92' lang='lat' dir='ltr'><strong>P.</strong></span> 
     </span>
     <span class='ocr_line' id='line_1_35' title="bbox 81 3261 1095 3341; baseline -0.005 -22"><span class='ocrx_word' id='word_1_249' title='bbox 81 3265 166 3336; x_wconf 85' lang='lat' dir='ltr'><strong>iurgii</strong></span> <span class='ocrx_word' id='word_1_250' title='bbox 181 3266 265 3335; x_wconf 78' lang='lat' dir='ltr'><strong>Berp.</strong></span> <span class='ocrx_word' id='word_1_251' title='bbox 291 3265 384 3334; x_wconf 82' lang='lat' dir='ltr'><strong>iurgia</strong></span> <span class='ocrx_word' id='word_1_252' title='bbox 399 3266 433 3320; x_wconf 91' lang='lat' dir='ltr'><strong>P.</strong></span> <span class='ocrx_word' id='word_1_253' title='bbox 504 3272 539 3319; x_wconf 79' lang='lat'><strong>20</strong></span> <span class='ocrx_word' id='word_1_254' title='bbox 558 3283 591 3321; x_wconf 91' lang='lat' dir='ltr'><strong>ac</strong></span> <span class='ocrx_word' id='word_1_255' title='bbox 605 3266 661 3322; x_wconf 88' lang='lat' dir='ltr'><strong>Mr.</strong></span> <span class='ocrx_word' id='word_1_256' title='bbox 681 3265 718 3319; x_wconf 89' lang='lat' dir='ltr'><strong>ad</strong></span> <span class='ocrx_word' id='word_1_257' title='bbox 735 3265 769 3320; x_wconf 91' lang='lat' dir='ltr'><strong>P.</strong></span> <span class='ocrx_word' id='word_1_258' title='bbox 794 3264 905 3332; x_wconf 87' lang='lat' dir='ltr'><strong>partem</strong></span> <span class='ocrx_word' id='word_1_259' title='bbox 923 3261 1095 3341; x_wconf 28' lang='lat' dir='ltr'><strong>illiusnBerp.</strong></span> 
     </span>
     <span class='ocr_line' id='line_1_36' title="bbox 80 3332 1095 3406; baseline -0.003 -15"><span class='ocrx_word' id='word_1_260' title='bbox 80 3336 238 3406; x_wconf 87' lang='lat' dir='ltr'><strong>partemius</strong></span> <span class='ocrx_word' id='word_1_261' title='bbox 257 3337 291 3390; x_wconf 89' lang='lat' dir='ltr'><strong>P.</strong></span> <span class='ocrx_word' id='word_1_262' title='bbox 346 3342 380 3390; x_wconf 75' lang='lat'><strong>22</strong></span> <span class='ocrx_word' id='word_1_263' title='bbox 399 3353 536 3404; x_wconf 87' lang='lat' dir='ltr'><strong>rususque</strong></span> <span class='ocrx_word' id='word_1_264' title='bbox 557 3338 590 3391; x_wconf 92' lang='lat' dir='ltr'><strong>P.</strong></span> <span class='ocrx_word' id='word_1_265' title='bbox 621 3336 813 3406; x_wconf 84' lang='lat' dir='ltr'><strong>patrocinatus</strong></span> <span class='ocrx_word' id='word_1_266' title='bbox 831 3333 1040 3400; x_wconf 85' lang='lat' dir='ltr'><strong>seripsi;pr1us</strong></span> <span class='ocrx_word' id='word_1_267' title='bbox 1060 3332 1095 3388; x_wconf 88' lang='lat' dir='ltr'><strong><em>P.</em></strong></span> 
     </span>
     <span class='ocr_line' id='line_1_37' title="bbox 81 3403 1097 3477; baseline -0.002 -17"><span class='ocrx_word' id='word_1_268' title='bbox 81 3413 216 3477; x_wconf 69' lang='lat' dir='ltr'><strong>pauonus</strong></span> <span class='ocrx_word' id='word_1_269' title='bbox 236 3407 339 3462; x_wconf 82' lang='lat' dir='ltr'><strong>Eberb.</strong></span> <span class='ocrx_word' id='word_1_270' title='bbox 431 3414 464 3462; x_wconf 82' lang='lat'><strong>29</strong></span> <span class='ocrx_word' id='word_1_271' title='bbox 484 3409 512 3462; x_wconf 83' lang='lat' dir='ltr'><strong>A</strong></span> <span class='ocrx_word' id='word_1_272' title='bbox 530 3409 631 3462; x_wconf 78' lang='lat' dir='ltr'><strong>uerbis:</strong></span> <span class='ocrx_word' id='word_1_273' title='bbox 656 3407 702 3461; x_wconf 82' lang='lat' dir='ltr'><strong>‘et</strong></span> <span class='ocrx_word' id='word_1_274' title='bbox 720 3408 744 3458; x_wconf 88' lang='lat' dir='ltr'><strong>si</strong></span> <span class='ocrx_word' id='word_1_275' title='bbox 763 3403 841 3471; x_wconf 88' lang='lat' dir='ltr'><strong>equi’</strong></span> <span class='ocrx_word' id='word_1_276' title='bbox 869 3403 1010 3471; x_wconf 78' lang='lat' dir='ltr'><strong>incipiunt</strong></span> <span class='ocrx_word' id='word_1_277' title='bbox 1027 3405 1097 3470; x_wconf 73' lang='lat' dir='ltr'><strong>solia</strong></span> 
     </span>
     <span class='ocr_line' id='line_1_38' title="bbox 81 3473 1095 3603; baseline -0.004 -69"><span class='ocrx_word' id='word_1_278' title='bbox 81 3482 181 3536; x_wconf 64' lang='lat' dir='ltr'><strong>cadmia</strong></span> <span class='ocrx_word' id='word_1_279' title='bbox 195 3479 327 3546; x_wconf 81' lang='lat' dir='ltr'><strong>rescripti</strong></span> <span class='ocrx_word' id='word_1_280' title='bbox 343 3479 458 3603; x_wconf 50' lang='lat' dir='ltr'><strong>{auria</strong></span> <span class='ocrx_word' id='word_1_281' title='bbox 479 3497 497 3533; x_wconf 89' lang='lat' dir='ltr'><strong>o</strong></span> <span class='ocrx_word' id='word_1_282' title='bbox 516 3479 596 3533; x_wconf 88' lang='lat' dir='ltr'><strong>Maio</strong></span> <span class='ocrx_word' id='word_1_283' title='bbox 610 3479 684 3532; x_wconf 82' lang='lat' dir='ltr'><strong>edita</strong></span> <span class='ocrx_word' id='word_1_284' title='bbox 698 3476 761 3545; x_wconf 70' lang='lat' dir='ltr'><strong><em>(P).</em></strong></span> <span class='ocrx_word' id='word_1_285' title='bbox 795 3475 820 3528; x_wconf 91' lang='lat' dir='ltr'><strong>si</strong></span> <span class='ocrx_word' id='word_1_286' title='bbox 838 3473 904 3542; x_wconf 88' lang='lat' dir='ltr'><strong>equi</strong></span> <span class='ocrx_word' id='word_1_287' title='bbox 917 3473 995 3543; x_wconf 83' lang='lat' dir='ltr'><strong>Epit.</strong></span> <span class='ocrx_word' id='word_1_288' title='bbox 1012 3475 1095 3530; x_wconf 80' lang='lat' dir='ltr'><strong>Zueb.</strong></span> 
     </span>
     <span class='ocr_line' id='line_1_39' title="bbox 83 3549 375 3619; baseline -0.021 -13"><span class='ocrx_word' id='word_1_289' title='bbox 83 3549 375 3619; x_wconf 53' lang='lat' dir='ltr'><strong>wfflum.</strong></span> 
     </span>
    </p>
   </div>
   <div class='ocr_carea' id='block_1_5' title="bbox 0 0 1190 3938">
    <p class='ocr_par' dir='ltr' id='par_1_6' title="bbox 0 0 1190 3938">
     <span class='ocr_line' id='line_1_40' title="bbox 0 0 1190 3938; baseline 0 0"><span class='ocrx_word' id='word_1_290' title='bbox 0 0 1190 3938; x_wconf 95' lang='lat' dir='ltr'><strong> </strong></span> 
     </span>
    </p>
   </div>
  </div>
 </body>
</html>
