2362 3938
415 731 549 799 LIBER
573 731 762 800 TERTIUS

515 888 578 955 cur
594 889 662 944 usu
811 834 820 849 κ

324 1032 515 1110 OBITUS
542 1033 850 1114 ALEXANDRI.

171 1224 203 1292 1.
227 1226 389 1292 Emensus
412 1225 513 1309 igitur
531 1225 675 1292 desertas
694 1223 807 1293 Indiae
826 1228 975 1312 regiones
999 1239 1127 1316 aqua-1

79 1336 216 1399 rumque
239 1314 528 1399 indigentissimas,
551 1315 764 1382 bestiolarum
788 1338 916 1400 quoque
940 1318 1127 1385 examini-1

79 1405 141 1468 bus
159 1403 306 1487 infestas,
329 1425 408 1487 quas
427 1403 607 1488 phalangia
625 1407 753 1486 vocant,
771 1406 876 1472 multo
895 1405 1006 1471 labore
1024 1408 1121 1491 ipses

80 1497 177 1578 atque
210 1493 369 1559 exercitus
400 1492 595 1576 fatigantur3
627 1493 661 1556 in
693 1492 868 1576 eademque
899 1493 966 1558 iam
999 1494 1095 1560 duces

79 1582 149 1645 eius
180 1602 213 1646 se
243 1582 416 1664 conloquia
444 1581 667 1663 conferebant,
700 1581 784 1664 quod
815 1581 878 1646 sibi
912 1582 993 1647 satis
1026 1604 1096 1648 esse

79 1670 212 1735 deberet
233 1691 336 1754 usque
360 1669 400 1735 ad
419 1669 536 1735 Persas
559 1669 693 1754 proeliis
713 1671 890 1737 laborasse.
930 1668 992 1734 His
1017 1690 1120 1754 quo·

80 1780 142 1842 que
167 1757 304 1823 subditis
329 1763 362 1822 et
379 1757 481 1824 Dario
507 1759 703 1842 consultum,
726 1761 883 1841 quantum
903 1761 1093 1842 oportuerit,
1108 1785 1127 1825 ι(

79 1847 244 1930 Graeciae,
271 1847 299 1911 si
323 1847 419 1914 modo
443 1848 617 1932 vectigales
640 1846 757 1912 Persas
781 1846 907 1930 patriae
930 1846 1095 1914 fecissent.

80 1936 151 2012 Quo
172 1957 248 2001 vero
271 1936 327 2000 ille
345 1936 495 2002 tenderet
513 1936 608 2002 labor
630 1935 664 2000 in
688 1933 816 2000 Indiam
835 1936 1095 2020 properantibus,

79 2024 160 2095 adeo
185 2023 312 2089 infestis
338 2025 489 2091 omnibus
513 2026 594 2092 locis
613 2023 743 2089 feritate
761 2023 964 2090 bestiarum?
1002 2023 1094 2101 Quod

80 2115 108 2177 si
123 2114 302 2178 intantum
318 2112 467 2198 cupidine
484 2115 531 2179 rei
545 2113 680 2179 bellicae
695 2112 880 2178 Alexander
893 2117 1095 2198 urgueretur,

78 2223 145 2267 non
174 2223 251 2266 sane
278 2202 380 2267 videri
407 2204 606 2286 consultum,
637 2202 842 2268 inconsultae
869 2202 926 2267 isti
953 2203 1095 2286 cupidini
1109 2228 1127 2268 ιι

81 2291 108 2355 si
124 2311 232 2355 comes
251 2291 342 2355 ficret
360 2293 486 2375 reliqua
500 2291 683 2358 multitudo.
717 2290 786 2357 Iret
803 2312 891 2376 ergo,
909 2293 1096 2377 querellet,

81 2378 285 2463 duceretque,
304 2380 359 2464 qui
372 2381 509 2464 vellent,
528 2401 562 2445 se
580 2383 691 2447 tamen
709 2381 827 2446 missos
842 2380 948 2446 facere
964 2381 1095 2447 deberet

80 2473 131 2535 tot
159 2467 224 2532 iam
252 2467 349 2539 bellis
378 2469 534 2534 exercitos
563 2491 600 2535 ac
628 2469 793 2554 fatigatos.
837 2469 1014 2536 Enimvero
1042 2470 1127 2536 hisi

80 2556 266 2622 Alexander
299 2558 439 2642 cognitis
479 2557 701 2642 advocatoque
739 2559 827 2623 omni
864 2562 933 2629 tam
964 2559 1094 2625 Persico

82 2645 206 2712 scilicet
243 2668 341 2730 quam
378 2645 587 2712 Macedonico
625 2647 768 2716 exercitu
810 2648 845 2712 in
878 2646 959 2713 haec
995 2648 1095 2713 verba
1108 2669 1127 2710 r<

80 2735 301 2800 contionatur:
344 2733 454 2801 ‘Unus
487 2735 568 2800 mihi
600 2735 750 2820 idemque
783 2739 833 2801 est
865 2757 971 2803 sermo
1009 2736 1095 2820 apud

169 2892 197 2946 1.
230 2897 248 2944 4
275 2891 358 2947 Oodd.
382 2891 501 2948 A.P.B.
529 2893 670 2963 incipietur
697 2893 731 2948 ab
761 2891 993 2960 ‘aquarumque’.
1030 2891 1093 2946 Ini-

78 2964 147 3017 tium
170 2963 237 3017 libri
259 2969 395 3019 coactum
417 2965 505 3019 estin
528 2970 555 3019 ’2.
625 2961 894 3032 bindigestisrimas
912 2961 948 3016 A.
1018 2962 1094 3016 dfa-

78 3032 177 3103 langia
195 3033 312 3090 A.P.B.
341 3034 482 3104 sfalangia
499 3041 527 3088 2.
589 3041 654 3090 sse
673 3039 701 3087 2.
727 3049 778 3088 om.
797 3036 844 3086 cet.
909 3031 1046 3086 9debere
1064 3037 1092 3087 2.

79 3113 94 3159 9
114 3105 213 3159 Persas
228 3110 255 3159 2.
280 3105 428 3161 Persarum
442 3111 490 3163 cet.
527 3104 642 3176 proeliis
655 3103 724 3159 QB.
748 3101 855 3172 prodii·
868 3101 905 3156 A.
930 3099 1039 3170 proelia
1058 3103 1093 3156 P.

79 3181 112 3231 12
135 3175 166 3230 in
188 3176 298 3236 Indiam
321 3175 398 3231 AB.
407 3176 441 3232 P.
477 3177 508 3232 in
529 3175 660 3231 insidiam
683 3181 711 3228 ’2.
790 3177 823 3226 13
845 3171 994 3231 meatibus
1016 3171 1092 3228 Β.Ρ.

80 3253 113 3301 14
131 3249 212 3302 tanto
231 3246 265 3304 P.
295 3247 425 3317 cupidine
452 3247 550 3304 dedice.
578 3246 674 3302 ordine
698 3245 775 3302 codd.
802 3259 832 3298 re
854 3241 959 3297 bellica
978 3243 1011 3298 P.
1033 3241 1093 3298 bel·

78 3318 134 3377 lica
152 3319 189 3374 B.
256 3323 290 3372 15
308 3320 466 3375 consultum
483 3320 590 3389 scripsi.
620 3317 766 3373 consilium
779 3314 860 3371 codd.
888 3315 967 3371 vaco
987 3314 1094 3371 ‘mcor-

78 3391 179 3452 snltae'
200 3389 341 3457 finiuntur
358 3391 469 3446 scirem
491 3390 680 3446 Taurioeuses.
732 3394 765 3444 16
784 3386 934 3468 quonam
961 3386 1038 3455 quod
1058 3385 1092 3442 P.

80 3467 111 3514 17
131 3476 161 3515 se
169 3462 203 3515 P.
224 3461 305 3515 sitB.
343 3468 377 3517 20
391 3461 500 3517 scilicet
513 3478 563 3517 ora
573 3462 607 3517 P.
643 3465 677 3515 21
694 3460 771 3516 Unus
785 3455 856 3513 rnihr
870 3456 989 3529 denique
1004 3457 1094 3517 estB.
