2362 3938
362 206 467 243 noman
484 206 591 243 vacuus
608 207 674 244 msa.
692 208 751 243 nnc.
880 259 882 265 Ι
970 191 1031 255 621

144 334 173 394 2.
197 335 317 409 lleposlti
338 351 448 409 quoque
469 336 613 393 utilitatem
636 338 678 393 ius
701 339 823 410 gentium
844 336 977 410 prodidit,
1004 347 1036 395 ut

80 413 161 494 quis¹
188 419 392 476 custodiendam
415 435 471 476 nem
493 437 569 477 suam
597 419 735 478 animalem
757 420 802 476 uel
826 413 829 497 l
853 424 1035 479 inanimalem

79 509 174 560 amaea
194 505 267 560 dare
284 508 393 578 possit,
414 507 496 578 isque
509 508 538 562 ei
553 505 595 561 ad
607 520 669 562 rem
690 505 764 562 bono
783 506 842 576 pide
862 507 1036 564 reddendam

81 595 224 645 teneatur.

426 731 473 772 ns.
489 731 528 772 111
542 707 632 794 (antea
647 707 691 793 v).

145 823 170 882 1.
205 867 213 883 .
240 869 246 882 .
272 870 278 882 .
301 816 495 902 canlparatum
517 834 559 881 cst
579 825 770 895 interdictum,
797 824 875 882 uelut
897 819 960 883 coi²
986 827 1114 948 ἰηί-ῑομξ.

81 912 148 965 tium
165 916 216 969 eti.
232 949 239 964 .
256 950 262 962 .
1063 913 1114 948 ¹¹¹¹·

505 1045 554 1087 att.
569 1044 610 1086 1v.

145 1135 171 1195 1.
196 1178 204 1192 .
223 1179 228 1191 .
246 1179 253 1194 .
273 1130 277 1214 l
293 1138 429 1210 quaedam
444 1141 528 1194 etiam
542 1136 698 1194 interdicta
714 1144 781 1194 nant
796 1132 873 1194 tana³
888 1136 1112 1212 adipiscendctll.

81 1221 132 1278 dac
153 1236 234 1294 quam
256 1221 447 1295 reciperandae
468 1222 666 1294 possessionis,
696 1221 784 1294 qualia
806 1229 869 1278 sunt
895 1222 1038 1280 intendicta
1070 1216 1110 1264 fiss-

83 1320 168 1370 vau
181 1320 310 1363 avulsum
324 1314 352 1360 et
367 1320 453 1369 cvnu
466 1298 716 1363 nnnnmnnnnm⁴
751 1321 812 1360 nam
827 1307 851 1362 si
867 1305 978 1362 fundum
992 1307 1036 1363 uel

82 1389 259 1446 hereditatem
275 1386 412 1463 abaliquo
428 1396 531 1462 petam,
554 1404 605 1446 nec
618 1387 661 1444 ’lis
676 1383 861 1459 defendatnn⁶
880 1391 990 1463 cogitur
1004 1391 1036 1446 ad

82 1489 125 1529 me
141 1473 289 1529 transieras
304 1472 515 1545 possessionem,
531 1473 590 1528 siue
605 1488 750 1546 numquam
765 1473 885 1547 possedi,
901 1474 960 1531 siue
975 1480 1037 1532 ante

80 1549 213 1633 passeldi,
231 1555 328 1612 deinde
343 1557 419 1612 amisi
433 1557 642 1629 possessionem.
688 1575 691 1580 ·

435 1709 484 1752 nn.
500 1709 520 1751 v
538 1689 628 1764 (antea
646 1688 683 1768 1).

145 1801 172 1860 l.
200 1801 219 1857 ’.
245 1842 253 1858 .
275 1805 453 1859 restitutoria
476 1810 504 1859 et
525 1803 698 1860 candidatorio
720 1795 887 1860 interdicto⁰
910 1808 962 1860 out
981 1812 1114 1876 perinill.

81 1878 414 1965 fcrmtdamlarbitrasiam
429 1887 611 1959 explicantur,
634 1894 681 1942 aut
695 1903 744 1960 per
761 1888 950 1959 sponsionem
973 1903 1037 1959 pro·
1070 1883 1111 1931 fin·

84 1969 210 2027 hibitorla
225 1986 292 2027 uerc
308 1962 428 2044 semper⁷
450 1985 500 2044 per
518 1971 692 2043 sponsionem
715 1969 890 2043 explicantur.
934 1967 963 2028 2.
987 1970 1037 2025 Re·

156 2134 177 2202 ¹)
198 2137 275 2186 Vind.
291 2138 369 2201 quiuis
383 2137 441 2186 edd.
452 2150 472 2189 1.
482 2149 503 2188 s.
551 2134 572 2202 ²)
593 2138 669 2187 Vind.
685 2137 752 2186 cuius
762 2137 819 2186 edd.
831 2149 850 2188 1.
861 2147 881 2187 2.
902 2136 1038 2202 Spectasse

84 2207 147 2257 baec
166 2208 288 2257 videntur
305 2209 342 2257 ad
359 2208 499 2257 interdicto
516 2208 701 2271 adipiscendae
715 2210 901 2272 possessionis,
916 2208 1038 2273 aquibus

83 2280 159 2326 etiam
174 2277 309 2341 Ulpianum
318 2280 345 2327 a'n
355 2279 404 2328 bac
414 2279 609 2329 interdictorum
619 2279 745 2328 divisione
760 2281 860 2328 initium
872 2280 976 2342 fecisse,
991 2280 1037 2328 du·

83 2348 165 2398 bituri
178 2362 229 2397 nen
240 2355 332 2411 potest.
363 2349 452 2412 Itaque
467 2351 501 2399 iis
514 2349 640 2399 absolutis
653 2364 812 2414 prcpressus
826 2356 864 2398 est
878 2351 950 2400 circa
961 2352 1038 2413 tinem

84 2419 197 2468 eiusdem
206 2420 322 2483 popinae
336 2420 372 2468 ad
384 2419 524 2469 interdicta
534 2434 584 2469 non
595 2425 691 2469 tontum
700 2419 886 2482 adipiscendae
898 2421 1037 2483 possessio·

84 2490 138 2548 nie,
158 2504 207 2552 quo
222 2490 337 2552 pertinet
350 2504 461 2553 ¹sequens
476 2490 655 2554 fropneenturn.
712 2485 792 2554 ⁸)Sic
807 2506 874 2539 nunc
888 2492 1038 2540 sententiam

84 2561 196 2616 restitui,
208 2558 340 2623 Krueperi
349 2561 457 2609 tectione
468 2560 563 2623 fretus.
588 2556 646 2608 ‘out
658 2561 846 2623 reciperandae
856 2562 1037 2624 possessionis,

85 2645 134 2693 quo
152 2635 156 2688 Ι
174 2631 197 2678 in
212 2644 313 2679 numere
327 2637 365 2679 est
379 2630 544 2679 interdictum
563 2636 641 2677 VNDE
657 2637 693 2692 VI,
707 2637 753 2679 aut
766 2628 828 2680 tarn'
840 2631 897 2679 edd.
908 2643 928 2681 1.
939 2641 959 2680 2.
983 2631 1037 2680 Du·

79 2702 166 2765 plicia
184 2715 247 2749 oerc
266 2701 330 2749 baec
347 2700 488 2749 interdicta
505 2701 555 2749 boc
574 2701 676 2748 ratione
690 2700 760 2750 dicto
775 2716 842 2759 esse,
861 2715 908 2751 nec
922 2715 956 2750 eat
970 2701 1002 2750 L.
1017 2711 1037 2750 s.

84 2772 108 2832 ὅ.
124 2773 169 2819 ntt.
184 2770 217 2818 D.
233 2770 264 2818 de
278 2771 372 2819 interd.
387 2768 431 2833 (ts,
446 2768 469 2835 1)
485 2771 606 2833 efficitur.
657 2766 678 2836 ⁴)
695 2771 733 2833 Cf.
750 2770 794 2820 Fr.
815 2771 872 2820 Vnt.
888 2783 921 2822 st.
973 2769 994 2838 ⁶)
1008 2771 1038 2820 lis

85 2841 197 2889 defendat
222 2840 299 2889 Vind.
319 2841 340 2889 is
359 2841 469 2889 detentat
487 2841 544 2891 edd.
560 2853 579 2890 1.
594 2852 614 2891 a.
636 2843 697 2905 quia
718 2840 821 2889 dubium
842 2841 989 2903 dicebatur,
1010 2843 1037 2890 in

86 2911 146 2960 Cod.
163 2918 261 2959 essetne
275 2925 316 2960 ms
331 2926 365 2960 an
378 2925 436 2969 ms,
451 2918 476 2960 et
488 2913 589 2977 sipnam
603 2912 671 2975 quod
683 2911 759 2960 babet
768 2919 828 2975 post
842 2913 942 2974 cogitur,
956 2913 1037 2976 sipri-

79 2984 208 3044 ficuretne
219 2981 334 3043 sortasse
348 2980 507 3030 aduersarius.
530 2979 584 3029 Sed
596 2983 693 3030 rectius
707 2981 755 3032 boc
770 2982 891 3048 Krueper
905 2983 989 3044 refert
1003 2982 1039 3030 ud

80 3054 195 3117 pleasant
214 3053 382 3116 morpinalern
399 3066 467 3101 nnana
486 3050 633 3100 abscissam.
665 3051 700 3100 Et
718 3055 751 3101 lis
769 3053 875 3115 defendi
893 3059 951 3100 unte
970 3053 1038 3099 litem

82 3128 260 3180 contestatam,
270 3137 414 3186 quanquam
423 3123 505 3171 minus
511 3123 629 3185 proprie,
638 3122 737 3171 dicitur
747 3130 829 3171 tamen
839 3123 914 3170 etiarn
922 3119 953 3168 L.
962 3131 987 3169 'ts
993 3135 1036 3181 pr.

83 3193 115 3244 D.
130 3194 163 3242 de
178 3207 289 3256 procur.
305 3191 341 3256 (a,
359 3190 391 3257 s).
455 3188 478 3258 0)
492 3192 537 3241 Ad
554 3207 653 3240 sensum
670 3194 794 3255 supplevi.
823 3191 861 3253 Cf.
879 3188 934 3237 Gai.
949 3200 975 3248 4,
990 3201 1036 3240 141.

82 3263 208 3314 Fortasse
218 3262 406 3326 praecedebat:
420 3258 509 3323 ‘Quod
522 3269 604 3312 autem
618 3263 654 3312 od
667 3264 737 3311 illam
751 3261 924 3323 differentiam
938 3259 1038 3318 attinet,

80 3333 152 3398 qued
162 3371 168 3382 .
180 3370 186 3382 .
199 3329 218 3383 .'
240 3339 269 3381 ut
286 3339 364 3382 totum
381 3332 430 3383 boc
445 3334 617 3397 frapmentum
636 3348 688 3381 una
703 3331 813 3394 periodo
832 3328 1038 3392 comprehensum

76 3406 172 3468 suerit,
188 3404 265 3472 cuius
278 3403 403 3465 apodasin
416 3405 440 3465 ς.
450 3413 470 3453 2.
487 3404 623 3453 contineat.
676 3399 697 3466 ⁷)
711 3401 755 3448 Ea
766 3400 886 3463 Rudorfii
896 3401 928 3463 ej.
943 3413 1038 3462 semper

78 3473 242 3541 prohibitoria
261 3487 319 3521 nero
340 3473 383 3523 Od.
402 3474 460 3522 edd.
488 3472 601 3538 Sequens
619 3487 662 3537 per
675 3473 702 3519 in
722 3485 801 3520 causa
818 3471 883 3533 fuit,
903 3477 931 3519 ut
944 3483 1039 3533 semper

77 3549 254 3601 omitteretur,
269 3543 361 3592 deinde
375 3544 410 3592 ad
423 3546 563 3609 marpinem
576 3544 717 3607 suppletum
732 3549 952 3607 transponeretur.
