2376 3938
490 188 540 240 AD
561 187 628 241 LIB.
648 189 668 240 Ι.
1013 190 1078 245 XIX

63 335 141 410 181]
166 330 417 412 ‘praesagumque
440 337 565 395 aethera
587 337 676 395 certis
700 332 892 414 auguribus',
915 339 972 398 1111
997 340 1076 416 quod

60 425 109 482 hic
137 443 174 482 ex
194 424 317 483 Valerio
345 443 400 500 pro
429 416 618 500 ‘auguribus’
647 429 751 500 aperte
779 428 1002 486 restituendum
1030 431 1076 487 est

61 506 219 572 ‘alitibus'.

150 604 213 660 242
238 604 380 674 tentosque
402 600 557 661 Heinsius:
581 604 750 675 1111111111
768 603 804 661 V.

148 690 214 750 250
237 690 312 749 bono
333 707 404 748 uero
425 691 496 749 socii
518 708 554 748 ex
576 690 604 747 V
627 690 741 750 reduxi.

151 779 214 837 256
239 779 401 837 ostendebat
421 777 468 836 M:
492 779 649 837 ostenderet
669 779 707 837 V.

150 868 214 925 265
234 867 397 940 placitoque
418 866 542 942 Aldina,
565 865 721 926 Heinsius:
740 868 918 941 placidoque
940 868 976 926 V.

149 957 213 1014 274
239 973 281 1031 sq.
308 954 358 1013 su
389 958 450 1013 ruit
476 960 503 1013 et
530 959 619 1014 toturn
641 955 757 1029 Minyis
779 957 956 1016 ludentibus
977 959 1075 1017 undoe

59 1045 198 1102 diducere
216 1043 290 1102 oum
312 1062 348 1102 ex
370 1043 398 1100 V
422 1043 552 1102 restitui.
598 1041 670 1103 solis
699 1044 862 1104 occidentis
890 1045 992 1103 lumen
1018 1065 1073 1120 per

59 1151 142 1189 mare
167 1132 329 1207 spergitur.
374 1131 443 1188 inde
472 1131 568 1190 undas
597 1130 783 1206 ipsasdiem
812 1133 899 1208 qussi
921 1133 1072 1192 diduxisse
1098 1138 1105 1150 “

59 1221 203 1278 audacter
227 1238 297 1278 sane
321 1220 461 1278 Valerius
484 1219 580 1295 fingit.

151 1310 211 1367 281
240 1310 415 1368 curantibus
442 1308 612 1366 Bentleius:
646 1311 853 1368 miserentibus
880 1309 917 1366 V.
962 1311 1073 1368 mirum

59 1400 105 1455 est
142 1397 343 1455 certissimam
379 1397 474 1454 critici
514 1397 657 1472 principis
698 1397 939 1455 emendationem
975 1399 1074 1456 adhuc
1133 1389 1143 1403 '

59 1489 193 1560 spretam
216 1503 290 1544 esse.
335 1488 402 1544 111111
424 1484 504 1542 enim
526 1485 558 1541 11
580 1485 697 1543 itineris
724 1485 810 1543 initio
839 1503 899 1543 non
926 1489 992 1543 erat
1021 1485 1073 1544 cur

58 1575 275 1632 miserarentur
302 1573 408 1632 undae.
454 1592 493 1632 11
519 1573 592 1630 mali
619 1573 741 1630 uenturi
770 1590 937 1647 praesagae
966 1571 1072 1632 erant?

57 1680 157 1738 nugae
184 1662 257 1721 haec
286 1665 364 1721 sunt.
410 1664 544 1719 ceterum
572 1661 608 1719 ef.
633 1659 759 1719 Ouidius
789 1657 861 1734 [am.
893 1659 925 1717 ΙΙ
955 1664 1008 1736 11,
1039 1657 1072 1735 1]

59 1744 251 1808 ‘mirantibus
281 1749 420 1826 aequoris
448 1742 549 1807 undis'
580 1752 612 1807 et
642 1748 825 1807 Claudianus
856 1745 902 1822 [in
928 1749 1014 1807 Eutr.
1042 1749 1074 1807 ΙΙ

60 1836 138 1914 164]
164 1832 356 1898 ‘mirantibus
380 1837 489 1896 extulit
511 1831 622 1896 undis'.

147 1929 208 1986 291
243 1928 346 1986 robe'do
378 1927 497 2001 scripsi:
531 1927 635 1999 rapido
656 1925 703 1983 V.
752 1918 814 1981 ‘uix
850 1923 992 1983 credibile
1025 1928 1072 1984 est

58 2015 150 2073 etiam
172 2033 249 2073 nunc
272 2015 435 2091 magistros
466 2032 532 2073 esse
560 2014 611 2089 qui
639 2016 674 2072 ut
706 2013 778 2071 olim
805 2030 917 2086 pueros
946 2012 1073 2071 doceant

57 2104 195 2175 roptdurn
225 2123 285 2162 non
317 2122 384 2162 esse
415 2104 557 2177 celerem,
595 2102 648 2160 sed
680 2090 843 2176 rapecem'¹
863 2100 1073 2159 Lachmannus

59 2189 160 2263 [Lucr.
189 2209 293 2250 comm.
316 2213 344 2267 p.
370 2189 448 2265 253]
472 2190 630 2249 uerissime
653 2190 778 2249 monuit.

149 2281 211 2339 293
236 2285 415 2352 ostendasque
436 2279 561 2337 Aldina:
585 2283 779 2351 extremosque
798 2277 834 2335 V.
858 2277 927 2336 uide
950 2277 1072 2337 tabulas

58 2367 227 2442 Campanas
251 2371 282 2426 et
296 2367 534 2426 emendationem
556 2368 648 2427 istem
669 2367 759 2441 plene
782 2366 984 2426 necessariam
1007 2384 1074 2425 esse

57 2457 170 2514 credes.

147 2546 210 2603 302
234 2544 353 2604 odstore
376 2545 495 2620 scripsi:
519 2547 629 2604 duetore
651 2543 687 2601 V.
717 2543 770 2603 sed
801 2542 922 2602 astsndi
944 2543 1073 2602 uerbum
1158 2579 1160 2584 ι

45 2629 88 2689 ¹in
110 2633 223 2692 talibus
246 2633 320 2692 uisis
343 2632 496 2691 nocturnis
521 2633 664 2691 sollemne
688 2634 742 2691 est.

147 2723 210 2780 306
234 2738 312 2779 neone
334 2719 482 2797 Koehius,
505 2739 577 2796 ego:
601 2722 725 2794 1111111
746 2720 784 2777 V.
809 2751 847 2760 -
874 2723 933 2778 tuto
957 2718 1071 2778 Grono-

55 2810 137 2867 uius:
162 2814 217 2869 toto
240 2809 277 2867 V.

147 2900 210 2957 307
235 2900 402 2956 incertumst
424 2916 493 2972 ego:
517 2899 643 2956 incertus
665 2896 702 2953 V.

147 2987 209 3044 308
233 2989 295 3045 tono
316 2988 378 3045 born
401 3004 470 3060 ego:
492 2988 554 3044 tom
575 3001 654 3043 nune
667 2985 708 3060 V3
732 2984 768 3040 ef.
789 3000 865 3058 quae
879 2982 941 3040 dixi
963 2981 1000 3039 de
1024 2983 1071 3038 his

55 3072 195 3132 uersibus
218 3075 251 3132 in
272 3073 458 3132 Fleckeiseni
481 3073 580 3133 annal.
605 3073 689 3131 1872
714 3091 742 3146 p.
767 3071 840 3130 200.

147 3162 209 3221 319
234 3164 329 3221 obruit
351 3161 470 3236 scripsi:
494 3161 606 3220 obruad
627 3159 668 3234 V3
692 3158 728 3216 cf.
752 3157 889 3215 111158
919 3155 1071 3214 adnotate..

54 3250 279 3309 coniunctiuum
303 3249 451 3326 quomodo
474 3248 589 3308 tuearis
611 3265 673 3306 non
694 3246 791 3305 uideo.
1088 3312 1091 3318 .

50 3337 61 3354 ⁸
145 3341 207 3398 331
233 3341 366 3412 dedeiun
389 3357 409 3398 o
430 3337 593 3412 Scytbicum
607 3335 726 3410 scripsi:
751 3335 922 3405 dedetoonus
936 3333 1069 3391 utbieurn

53 3427 90 3484 V.
119 3427 226 3486 deinde
249 3427 278 3485 V
300 3428 357 3485 hoc
384 3426 477 3484 habet
505 3420 652 3483 ‘metuens
680 3426 845 3498 potumque
879 3413 1072 3498 cretamquc',

53 3515 135 3590 quod
160 3516 193 3572 in
221 3513 243 3573 C
272 3519 303 3574 et
330 3514 479 3590 excerptis
507 3511 653 3571 Parisinis
683 3512 728 3570 ita
751 3513 799 3570 est
829 3511 994 3569 correctum
1015 3505 1072 3584 [cf.

819 3607 859 3662 b*
