2362 3938
122 212 142 276 8
552 209 662 265 LIBER
680 210 700 265 I.

123 376 285 461 gignetur.
325 373 528 460 Aegyptium
548 373 649 460 igitur
672 394 780 438 semen
804 375 863 456 est,
886 372 940 457 qui
959 376 1137 456 conceptus

123 469 187 547 est,
210 485 276 528 non
299 468 410 528 tamen
433 462 565 548 humile,
589 462 645 527 sed
668 463 789 527 clarum
813 462 909 544 plane
933 461 985 525 vel
1009 462 1138 546 regium

122 556 258 638 propter
277 552 367 617 aurei
386 552 498 616 annuli
512 551 679 616 visionem.
704 550 774 615 Hoc
794 550 881 614 enim
900 551 1034 615 metallo
1055 550 1139 615 nihil

124 641 243 706 scimus
267 662 337 706 esse
361 640 549 725 pretiosius,
577 640 612 703 in
640 660 702 723 quo
732 637 830 703 etiam
855 638 988 703 deorum
1013 638 1138 723 effigies

90 748 103 789 s
125 751 324 797 veneramur.
349 727 411 794 Sed
427 729 579 812 quoniam
595 727 797 811 signaculum
810 726 922 810 [quod]
939 727 1018 792 solis
1032 727 1140 792 forma

123 819 290 884 visebatur
320 817 493 900 subterque
521 817 624 880 leonis
653 819 751 899 caput
780 815 898 880 hastile
927 838 1054 900 quoque
1084 816 1139 880 ad·

123 907 232 972 iacens
257 909 341 988 erat,
363 906 390 969 is
414 905 498 988 ipse,
522 904 659 989 quisque
681 908 844 988 nascetur,
868 905 901 969 in
926 905 1061 969 orientis
1085 928 1138 969 us-

124 1017 186 1080 que
209 994 316 1060 veniet
338 992 564 1079 praepotentia
588 993 842 1078 possessionem,
871 994 980 1057 omnia
1008 994 1140 1079 audens,

124 1105 206 1168 quae
229 1086 347 1148 natura
371 1084 421 1145 est
444 1082 558 1164 leonis,
581 1080 677 1165 idque
700 1081 733 1147 ri
758 1084 790 1145 et
812 1081 907 1146 hasta
926 1081 1033 1166 faciet,
1058 1105 1140 1166 qnae

84 1191 110 1230 10
124 1193 189 1235 una
213 1169 333 1235 vidisti.
374 1168 550 1235 Enimvero
575 1169 730 1255 quoniam
754 1169 849 1235 deum
872 1171 977 1254 capite
1002 1171 1140 1236 arietino

123 1259 256 1323 testaris
282 1258 481 1343 eundemque
505 1280 630 1343 canum,
654 1262 704 1323 est
728 1257 806 1323 deus
827 1258 948 1342 Libyae
967 1257 1140 1324 Ammonis

122 1344 275 1412 nomine?
317 1345 412 1412 Hanc
434 1347 738 1431 interpretationem
762 1347 949 1432 interpretis
973 1351 1050 1413 tunc
1074 1370 1141 1413 non

124 1457 227 1521 aequo
261 1436 342 1500 satis
376 1436 483 1502 animo
513 1434 682 1521 Philippus
714 1436 854 1521 sucepit,
887 1435 971 1521 quod
1005 1436 1139 1502 homine

125 1524 312 1610 concepisse
335 1524 505 1589 mulierem
529 1525 724 1590 credidisset.

84 1633 111 1673 15
214 1612 385 1678 Festinata
415 1613 516 1699 igitur
544 1636 579 1678 re
607 1614 725 1679 bellica
752 1612 978 1680 Macedoniam
1010 1613 1050 1677 ad
1082 1620 1173 1678 sual

125 1702 268 1788 repedat.
315 1701 385 1778 Quo
415 1703 521 1768 reditu
551 1703 669 1769 mulier
699 1702 809 1768 audito
841 1703 1032 1786 trepidatior
1063 1708 1142 1786 erat,

126 1791 251 1856 solatiis
282 1796 392 1856 tamen
423 1791 490 1857 eius
521 1791 731 1859 Nectanabus
763 1791 941 1857 adsidebat.
995 1790 1144 1856 Tandem

125 1879 227 1965 igitur
252 1879 426 1946 adveniens
450 1880 622 1966 Philippus
645 1885 683 1947 ut
705 1881 872 1967 ingressus
897 1883 959 1963 est,
983 1880 1143 1967 reginam,

127 1991 199 2034 cum
231 1968 430 2035 diffidentius
461 1969 526 2034 sibi
555 1991 723 2035 occursare
754 1971 925 2054 coniugem
953 1969 1144 2053 intueretur,

87 2077 113 2116 20
129 2059 202 2121 astu
226 2058 433 2122 dissimulans
457 2057 714 2143 indignationem
738 2057 773 2121 in
796 2057 876 2121 haec
895 2056 995 2121 verba
1018 2058 1144 2122 solatus

129 2147 191 2208 est:
215 2143 279 2208 ‘Me
303 2144 433 2227 quidem
459 2146 542 2209 clam
565 2167 616 2208 res
640 2149 733 2229 gesta
756 2165 822 2208 non
846 2147 896 2208 est
916 2144 1086 2225 libensque
1110 2149 1145 2212 te

127 2231 222 2295 venia
241 2233 402 2316 impertio,
425 2233 544 2317 quippe
564 2233 661 2316 culpa
683 2231 744 2295 tibi
767 2252 834 2296 non
853 2229 1056 2312 adhaerente,
1081 2232 1145 2297 sic-

127 2319 176 2382 uti
194 2319 353 2402 praescivi
377 2319 416 2384 de
440 2321 590 2405 sompnio
610 2319 809 2402 defensante,
832 2318 916 2402 quod
933 2317 1057 2382 factum
1082 2325 1145 2405 est,

129 2407 169 2473 ab
200 2406 289 2471 omni
317 2408 425 2490 eulpa,
453 2429 518 2492 qua
545 2408 646 2473 adlini
674 2426 795 2493 posses.
840 2405 985 2490 Regibus
1015 2429 1144 2492 quoque

88 2513 115 2554 25
130 2494 226 2559 sicuti
244 2495 277 2559 in
298 2495 379 2560 alios
398 2496 447 2560 vis
472 2500 532 2581 est,
555 2496 596 2561 ad
614 2496 691 2562 deos
712 2499 822 2560 tamen
841 2495 989 2579 potentia
1008 2495 1144 2564 frixerit.

128 2581 242 2666 Neque
266 2584 352 2648 enim
377 2587 409 2647 te
432 2584 498 2649 scio
518 2585 685 2670 popularis
710 2583 844 2649 alicuius
869 2585 972 2649 amori
996 2586 1143 2671 servisse,

130 2672 293 2736 enimvero
313 2670 364 2735 dei
383 2672 516 2737 deorum
533 2670 763 2758 pulcherrimi?
803 2671 865 2738 His
885 2674 979 2739 dictis
999 2675 1144 2740 animum

129 2759 274 2824 mulieris
299 2759 547 2826 instauraverat.
584 2761 666 2847 Agit
689 2782 765 2847 ergo
788 2763 912 2847 gratias
931 2785 1012 2828 uxor
1030 2763 1143 2828 veniae

130 2847 231 2932 eique,
251 2847 306 2931 qui
322 2847 385 2913 sibi
400 2871 491 2933 spem
506 2851 574 2914 eius
589 2851 756 2934 pollicitus
771 2850 950 2937 videbatur,
964 2852 1144 2936 prophetae

89 2957 116 2998 eo
130 2935 161 3002 N
163 2935 328 3002 ectanabo.

217 3023 323 3109 Igitur
341 3025 461 3109 agebat
479 3026 609 3091 interim
628 3025 802 3111 Philippus
822 3050 895 3093 cum
914 3030 1048 3092 muliere
1070 3049 1143 3092 con·
1172 3042 1181 3084 1⁴

130 3113 293 3200 iugaliter.
338 3113 547 3180 Nectanabus
571 3136 648 3179 vero
672 3137 827 3198 praesens
852 3117 992 3201 quidem,
1015 3117 1071 3179 sed
1094 3117 1142 3178 in-

220 3287 428 3356 dquoddeleci.
462 3293 477 3342 6
493 3287 644 3356 subterque
653 3295 679 3344 Τ,
697 3290 793 3343 subter
802 3290 836 3344 P.
855 3289 958 3343 hastile
967 3288 1000 3340 P.
1017 3286 1107 3339 astilis
1116 3295 1143 3344 Τ,

131 3357 190 3412 lis
204 3360 311 3428 scripsi.
330 3358 410 3414 hisT.
430 3360 454 3413 si
464 3359 497 3412 P.
539 3364 681 3426 equaer.
700 3376 784 3427 quam
795 3361 828 3413 P.
873 3365 905 3412 13
925 3359 999 3425 quod
1015 3357 1143 3411 omine'r.

130 3428 261 3496 quodque
281 3429 393 3485 omnino
413 3431 445 3484 P.
492 3434 523 3483 1⁷
543 3429 668 3483 Tandem
687 3436 715 3483 'L
742 3434 838 3484 tamen
858 3429 890 3483 P.
932 3433 966 3480 23
987 3427 1021 3481 de
1040 3443 1091 3483 om.
1110 3431 1143 3485 P.

130 3505 165 3553 24
184 3498 274 3554 adlini
284 3506 310 3554 Τ.
332 3500 429 3559 adlani
441 3501 474 3554 P.
511 3505 545 3554 26
565 3501 639 3554 euim
659 3500 752 3556 om.P.
791 3506 824 3554 29
844 3499 1005 3567 eiqueTP
1025 3513 1078 3565 que
1093 3501 1145 3557 del.

129 3569 230 3624 Eteri.
269 3576 300 3623 31
323 3570 473 3642 Philippus
492 3587 542 3626 om.
561 3578 588 3626 Τ.
631 3577 665 3626 32
685 3571 865 3626 Nectanabus
880 3576 907 3625 Τ,
927 3568 1093 3624 Nectansbo
1111 3573 1144 3628 P.
