2362 3938
106 198 170 262 162
521 195 632 253 LIBER
648 195 697 255 111.

104 360 194 426 cuius
222 359 344 444 prioris
372 358 518 443 corporis
545 379 621 443 pars
647 359 733 444 pube
760 361 853 423 tenus
882 358 923 422 ad
951 359 1118 423 hominem

104 449 321 533 congruebat,
351 447 517 513 enimvero
548 468 630 531 quae
660 447 806 511 insecuta
833 448 994 530 corporis,
1027 451 1120 512 erant

105 537 217 602 omnia
243 536 388 621 beluina,
416 557 613 620 prorsusque
641 537 769 620 qualem
797 533 940 619 Scyllam
968 535 1120 602 homines

104 625 303 708 fabulantur,
325 625 390 689 nisi
407 624 470 690 hoc
492 646 556 690 uno
576 623 768 689 deverterat:
791 646 857 689 non
880 624 968 688 enim
993 626 1120 690 caninis

78 714 266 799 scapitibus
297 714 475 799 lupinisve,
512 713 597 776 enim
631 711 772 777 leoninis
805 717 900 797 atque
932 713 1121 797 pardorum,

106 824 201 868 suum
232 800 331 867 etiam
361 801 413 867 vel
444 821 594 866 ursorum
624 822 753 866 omnem
784 801 928 884 inguinis
959 801 1121 866 ambitum

105 893 248 976 texerat,
277 889 476 974 spirantibus
504 890 603 952 etiam
630 889 760 974 bestiis,
775 890 846 953 ‘sed
873 912 948 973 pars
977 910 1121 973 superna

104 980 312 1062 humanaque
342 980 492 1043 emortus
520 978 585 1041 iam
613 980 646 1041 et
673 979 781 1042 colore
809 982 880 1043 atro
911 999 984 1042 cum
1013 979 1121 1043 desitu

106 1068 240 1150 spiritus
258 1064 435 1131 visebatur.
475 1064 514 1129 Id
532 1066 671 1130 monstri
694 1067 751 1130 ubi
773 1067 899 1150 mulier,
923 1088 1006 1149 quae
1030 1066 1122 1132 foeta

66 1155 219 1231 uiueret,
242 1153 336 1216 enixa
360 1156 423 1235 est,
447 1153 559 1218 statim
581 1154 653 1236 ipsa
675 1153 841 1219 invectum
867 1155 907 1219 ad
930 1175 1043 1238 regem
1067 1157 1121 1220 de-

103 1243 181 1306 tulit
212 1239 461 1324 Alexandr-oque
491 1241 610 1306 babere
640 1242 777 1326 mirum,
807 1245 893 1328 quod
923 1244 1121 1327 ostenderet,

103 1328 346 1415 praeiudicavit.
391 1328 498 1413 Igitur
526 1329 710 1416 ingressus,
742 1332 798 1416 qui
830 1333 902 1417 regi
926 1331 1120 1397 miraculum

103 1417 283 1501 nuntiaret,
311 1418 445 1483 offendit
474 1441 547 1483 eum
569 1419 604 1482 in
627 1419 775 1486 cubiculo
799 1421 978 1485 meridiano
1003 1442 1119 1486 somno

104 1513 183 1572 tunc
202 1505 355 1572 deditum.
397 1504 461 1572 Sed
484 1506 525 1572 ad
544 1508 716 1593 strepitum
733 1509 950 1594 inrumpentis
970 1531 1045 1574 cum
1067 1532 1119 1574 ex-

65 1613 92 1655 rs
105 1597 253 1681 pergitue
284 1595 371 1661 foret
397 1595 605 1681 audissetque
639 1619 785 1683 causam,
812 1599 981 1663 mulierem
1009 1598 1120 1663 induci

105 1686 205 1751 iubet.
254 1684 409 1769 Ingressa
438 1685 540 1772 igitur
570 1686 681 1752 statim
710 1687 871 1752 facessere
900 1687 1070 1751 universos
1103 1708 1120 1751 e

106 1774 270 1857 praesenti
302 1774 417 1840 mulier
445 1775 558 1859 edicit,
588 1776 660 1859 ipsa
689 1798 766 1841 vero
791 1776 916 1840 revelat
943 1774 1120 1858 nudatque,

107 1863 193 1947 quod
216 1867 363 1948 vexerat,
384 1864 619 1948 profiteturque
642 1886 677 1929 ae
699 1865 873 1949 peperisse.

197 1948 255 2018 55.
282 1952 373 2037 Ergo
401 1951 441 2016 ad
468 1953 661 2017 miraculum
683 1953 818 2019 visionis
842 1953 999 2018 eiusmodi
1027 1952 1119 2017 iubet
1137 1964 1175 2015 88

66 2057 93 2096 ²⁰
107 2039 222 2105 statim
251 2039 437 2105 Alexander
468 2040 691 2125 prodigiorum
723 2043 916 2126 interpretes
949 2042 1121 2106 convenire

107 2149 145 2191 sc
167 2127 323 2209 profiteri,
347 2129 460 2210 ecquid
480 2128 639 2193 eiusmodi
660 2130 789 2196 novitas
809 2130 994 2210 minaretur,
1018 2129 1120 2193 inter·

105 2215 311 2298 minaturque
330 2237 427 2298 quam
446 2219 567 2298 sancte,
589 2216 654 2280 nisi
680 2237 719 2280 ex
742 2217 805 2280 fide
828 2215 976 2278 dixerint.
1025 2216 1119 2280 Unus

105 2301 207 2386 igitur
230 2323 248 2364 e
270 2303 498 2384 praesentibus
523 2322 642 2386 magno
670 2325 743 2368 cum
771 2303 895 2388 gemitu
923 2301 994 2383 regi
1022 2322 1118 2382 sepa-

105 2394 186 2466 rato,
210 2386 336 2473 ‘Eheu'
358 2391 475 2474 inquit,
498 2389 670 2456 ‘malorum
689 2392 842 2471 omnium,
865 2387 956 2469 eheu,
980 2388 1027 2450 mi
1045 2395 1118 2457 rex!

65 2493 170 2541 aenon
194 2477 279 2540 enim
303 2477 369 2540 iam
387 2478 483 2542 bonis
506 2499 610 2564 neque
632 2478 720 2543 inter
738 2479 831 2544 vivos
853 2475 1004 2540 homines
1028 2479 1117 2544 ultra

105 2563 337 2630 nominaberess.
377 2563 440 2630 Sed
459 2587 516 2631 cur
534 2568 599 2630 ista
618 2567 754 2630 sentiret
771 2565 939 2648 interpres,
963 2589 1037 2631 cum
1060 2590 1117 2632 rex

105 2654 293 2739 diligentius
318 2657 499 2738 quaereret,
527 2654 608 2719 haec
631 2654 734 2720 addit:
761 2652 806 2718 ‘0
831 2654 908 2740 quid
934 2655 1045 2739 enim,'
1069 2657 1116 2720 in·

195 2850 211 2899 3
230 2843 325 2900 omnia
337 2843 454 2900 beluina
467 2849 514 2901 etc.
533 2847 710 2915 superaoipt.
724 2848 757 2902 in
772 2847 820 2904 P..·
839 2847 869 2901 id
883 2850 927 2902 est
940 2849 1006 2904 ursi.
1025 2847 1116 2917 pardi.

105 2916 174 2987 lupi.
193 2915 298 2972 leones.
318 2931 410 2971 canes.
430 2932 500 2972 sues.
538 2921 555 2970 5
574 2917 716 2986 capitibus
732 2919 768 2974 A.
791 2919 910 2974 rictibus
929 2919 961 2974 P.
999 2926 1015 2975 6
1035 2936 1117 2975 omne

105 2987 230 3058 inguinis
248 2987 284 3044 A.
344 2985 466 3042 'letiam
484 3003 536 3045 om.
554 2988 590 3042 A.
631 2987 680 3042 sed
696 2988 730 3043 P.
754 2990 867 3046 etiamsi
880 2991 915 3046 A.
971 2989 1062 3045 8iarn
1083 2991 1117 3044 P.

107 3061 194 3115 etiam
213 3059 248 3114 A.
290 3058 402 3114 9foeta
419 3074 469 3114 oro.
489 3058 521 3112 P.
560 3063 594 3112 10
612 3057 675 3128 ipsa
693 3059 725 3114 P.
750 3062 794 3115 his
812 3063 865 3116 has
884 3062 920 3116 A.
963 3067 994 3114 11
1014 3062 1118 3114 habere

106 3132 199 3186 om.P.
247 3134 280 3185 12
299 3129 526 3199 praeiudiavitP.
565 3129 614 3197 qui
627 3131 660 3184 P.
684 3147 757 3199 quae
767 3133 803 3185 A.
860 3138 893 3186 13
913 3132 1072 3186 cubiculum
1084 3131 1118 3184 P.

108 3218 206 3257 somno
229 3218 278 3258 om.
303 3201 336 3256 P.
427 3207 461 3256 14
478 3200 665 3270 irrumpentes
689 3202 724 3257 A.
817 3208 851 3256 16
871 3219 900 3256 se
923 3202 1065 3270 praesenti
1084 3202 1117 3255 P.

108 3279 142 3326 18
160 3273 276 3330 vexerat
294 3272 326 3329 P.
353 3271 461 3328 vixerat
479 3273 515 3328 A.

145 3346 150 3356 '
195 3345 246 3402 at.
272 3348 306 3398 21
326 3341 441 3414 etquid
460 3345 494 3399 A.
519 3343 586 3411 quid
606 3343 640 3398 P.
678 3342 826 3398 miraretur
844 3341 876 3394 P.
950 3346 983 3394 23
1004 3354 1019 3391 e
1037 3355 1116 3406 prae-

107 3414 233 3468 sentibus
253 3416 286 3468 A.
314 3415 509 3483 praesentibus
528 3414 559 3468 P.
603 3417 637 3468 25
656 3414 715 3469 iam
732 3412 814 3467 bonis
833 3412 869 3465 A.
895 3415 955 3464 tam
969 3410 1063 3491 ,bonus
1082 3410 1116 3464 P.

105 3498 196 3549 neque
214 3485 331 3550 fortasse
348 3487 498 3542 delendum.
543 3491 577 3540 26
594 3484 774 3540 nominavere
794 3482 828 3536 P.
873 3485 907 3536 27
927 3481 995 3549 qmd
1014 3496 1064 3535 om.
1084 3481 1116 3536 P.

107 3552 243 3620 quidquid
262 3554 361 3613 Scalae.
