2362 3938
94 177 136 242 68
520 177 629 232 LIBER
647 178 680 233 II.

94 339 254 422 copulatis
283 340 426 422 gratiam
448 340 581 424 reliquis
605 340 674 404 eius
698 341 797 404 studii
818 341 947 424 fecisse,
978 348 1111 408 conten-

93 429 164 490 tum
182 427 234 491 his
254 429 360 516 modo,
384 429 439 513 qui
458 450 583 492 mecum
608 451 627 491 a
645 428 836 494 Macedonia
859 431 1001 495 inierant
1025 433 1112 497 huno

93 515 258 601 laborem,
289 539 489 602 quorumque
520 517 679 581 comitatu
708 518 842 602 Europa
873 519 969 583 nobis
1004 523 1110 584 omnis

96 609 284 671 accesserat
341 605 404 672 Sed
436 628 475 669 ex
506 605 558 669 his
592 605 741 670 omnibus
775 606 947 671 Thebanos
980 608 1110 690 quidem

69 713 161 758 anon
185 694 249 760 levi
273 696 312 760 de
335 716 433 759 causa
452 693 617 759 occidione
636 694 793 759 interemi.
834 695 883 759 De
901 695 1111 762 Atheniensi-

95 783 157 848 bus
181 806 258 849 vero
283 805 355 866 spes
380 782 460 847 mihi
485 786 555 846 erat
579 781 709 846 dextros
738 783 819 846 mihi
850 785 929 849 satis
959 789 991 849 et
1019 788 1110 850 obse·

97 875 231 957 quentcs
255 873 390 936 futuros.
435 869 534 934 Enim
558 891 630 934 cum
655 893 746 936 secus
770 872 866 936 dictis
889 895 947 937 vos
969 875 1111 938 insolen-

95 961 183 1026 tibus
216 961 367 1026 velitatos
400 958 573 1043 audierim,
607 959 743 1043 accipite
777 961 971 1025 sententiam
1003 984 1111 1027 meam

96 1068 163 1113 non
186 1048 357 1113 verborum
381 1047 503 1112 scilicet
527 1048 655 1131 agmine
679 1049 874 1133 gloriantem
890 1051 1033 1133 —quod
1058 1052 1110 1116 de-

55 1157 82 1195 10
96 1137 221 1201 centius
245 1137 337 1200 fieret
360 1158 379 1199 a
402 1136 586 1220 potentiore
605 1173 663 1220 —,
692 1158 803 1201 verum
826 1138 874 1202 uti
899 1139 1008 1202 sciatis
1033 1140 1110 1204 boni

94 1246 154 1290 vos
178 1226 397 1308 consulturos,
422 1224 450 1287 si
473 1225 654 1308 praeceptis
679 1225 903 1309 mandatisque
925 1228 1048 1292 nostris
1071 1229 1110 1291 li·

94 1312 227 1376 bentem
250 1334 383 1398 operam
407 1312 629 1377 commodetis.
666 1313 734 1377 Aut
757 1315 842 1377 enim
865 1315 1015 1380 meliores
1039 1339 1110 1381 esse

95 1404 225 1485 oportet
254 1399 310 1466 aut
338 1400 528 1465 melioribus
553 1402 777 1486 obsequentes,
819 1401 848 1466 E
874 1425 936 1486 qua
959 1426 994 1467 re
1017 1405 1109 1469 mille

95 1511 204 1554 annua
227 1491 354 1555 talenta
378 1490 515 1574 dependi
541 1489 623 1553 mihi
648 1492 689 1554 ab
716 1490 968 1556 Atheniensibus
992 1492 1108 1560 iubeo.'

55 1597 81 1637 is
186 1578 222 1645 3.
259 1578 311 1643 Ad
335 1579 415 1642 haec
438 1579 488 1642 illi
511 1579 707 1643 rescribunt:
736 1578 827 1645 ‘Non
848 1601 909 1645 nos
932 1579 1110 1645 diffitemur
1127 1592 1159 1644 ΙΙ.

95 1671 128 1730 et
151 1668 253 1750 patris
276 1667 326 1731 tui
350 1668 417 1731 vita
440 1667 495 1731 diu
524 1668 664 1732 offensos
693 1671 725 1731 et
753 1668 821 1732 eius
850 1672 952 1733 morte
976 1670 1108 1754 gavisos
1128 1668 1152 1718 ⁶·

93 1775 178 1837 esse;
218 1755 302 1839 quod
343 1755 428 1819 idern
462 1756 530 1820 iam
570 1757 734 1840 coepimus
773 1758 821 1820 tui
858 1779 983 1841 quoque
1015 1758 1109 1843 velle,

93 1842 218 1907 iuvenis
250 1844 540 1929 inconsultissime,
580 1867 653 1910 cum
685 1845 747 1909 tibi
780 1845 821 1908 ab
854 1845 1109 1911 Atheniensibus

95 1932 303 2017 dependenda
327 1933 416 1997 mille
438 1935 565 1998 talenta
589 1935 770 2019 scripseris,
800 1934 848 1997 uti
877 1935 1001 1998 scilicet
1025 1935 1110 1998 inter

55 2041 81 2079 ro
94 2042 154 2086 nos
177 2021 373 2105 principium
395 2022 540 2086 bellandi
563 2043 703 2106 parares.
750 2020 842 2097 Quod
871 2023 899 2085 si
927 2022 988 2085 tibi
1017 2027 1111 2087 tanta

94 2113 144 2174 est
167 2109 372 2195 confidentia,
395 2110 614 2195 paratioribus
635 2107 838 2173 occursabia'
875 2108 937 2171 His
956 2112 1108 2175 rescribit
1128 2121 1153 2173 7.

93 2195 277 2261 Alexander
301 2200 335 2262 in
354 2200 433 2264 haec
452 2200 565 2263 verba:
589 2197 670 2260 ‘Iam
689 2194 817 2278 quidem
835 2194 987 2258 miseram
1005 2195 1107 2260 Leon-

92 2289 169 2368 tam,
193 2286 249 2370 qui
268 2308 325 2352 ros
346 2288 470 2351 excisos
492 2285 613 2370 linguis
632 2282 744 2347 ulcisci
763 2281 928 2346 vecordiae
946 2283 1107 2367 potuisset

92 2378 282 2459 vestrosque
301 2397 367 2439 una
386 2378 530 2438 oratores
555 2372 593 2436 ad
618 2393 669 2435 me
693 2368 872 2454 perducere.
910 2370 1008 2435 Enim
1032 2393 1106 2436 con-

54 2480 80 2522 sa
95 2462 212 2527 sultius
240 2464 346 2528 visum
377 2466 427 2526 est
453 2464 562 2544 ipsum
592 2483 644 2524 me
674 2461 714 2524 ad
743 2459 930 2525 evertendas
960 2461 1107 2531 Athenas

93 2552 241 2635 protinus
261 2552 410 2634 militare,
435 2551 511 2634 quia
534 2550 632 2614 iussis
651 2549 774 2615 nostris
793 2548 975 2616 obieceritis
998 2555 1107 2616 contu-

93 2641 242 2704 maciam.
289 2638 323 2704 si
351 2640 453 2725 igitur
476 2639 669 2704 declinando
692 2638 768 2704 huic
792 2640 1010 2723 experimento
1034 2662 1108 2705 con·

95 2727 211 2813 sulitis
230 2728 340 2793 decem
359 2732 505 2793 oratores
525 2731 650 2792 vestros
671 2729 711 2792 ad
731 2749 782 2792 me
802 2728 915 2794 deduci
930 2730 1107 2812 patiemini.

93 2815 166 2882 Hoc
187 2817 272 2881 enim
292 2817 386 2882 modo
405 2816 604 2899 reliquorum
623 2816 775 2899 urbisque
792 2819 919 2882 vestrae
933 2816 1108 2880 habebitur

55 2903 201 2971 roratio?
240 2905 338 2970 Hisce
357 2903 538 2969 Alexandri
555 2904 674 2968 litteris
698 2927 771 2968 cum
794 2904 856 2968 hoc
879 2908 1017 2984 tanturn,
1041 2925 1108 2967 non

96 3015 130 3059 se
152 2994 297 3060 facturos
321 3016 404 3072 esse,
429 2991 747 3076 superscripsisscnt‚
775 2991 911 3056 eandem
935 2990 1106 3074 epistolam

185 3183 448 3242 2aMacodoniaA.
467 3202 481 3239 e
497 3182 701 3237 MacedoniaP.
735 3186 751 3234 5
765 3180 889 3235 interimi
897 3181 930 3234 P.
959 3187 975 3234 9
990 3180 1065 3247 quod
1073 3182 1105 3236 P.

96 3258 146 3312 sed
163 3257 199 3314 A.
276 3263 308 3312 11
329 3255 501 3311 consultores
520 3255 553 3308 P.
632 3259 664 3307 13
683 3251 706 3305 Ε
726 3267 782 3320 qua
799 3268 830 3305 ro
848 3253 883 3305 A.
917 3266 1003 3318 eaque
1022 3266 1052 3304 re
1073 3253 1106 3306 P.

185 3329 213 3384 3.
234 3334 266 3384 16
286 3328 334 3381 diu
353 3343 403 3382 om.
420 3327 454 3381 P.
519 3330 551 3377 17
571 3324 613 3378 tui
629 3323 663 3379 P.
689 3323 722 3376 dc
741 3326 769 3376 te
788 3327 982 3376 correctumea
999 3321 1055 3374 suis
1070 3324 1105 3377 A.

97 3403 130 3452 18
154 3401 190 3454 ab
214 3400 278 3454 add.
303 3398 374 3454 Mai.
403 3414 453 3453 om.
479 3395 552 3451 A.P.
643 3398 677 3446 21
696 3392 838 3461 rescriptis
861 3393 894 3446 P.
992 3397 1026 3445 24
1045 3408 1106 3460 per-

95 3469 211 3525 duceret
231 3469 264 3526 P.
303 3475 337 3524 26
357 3469 423 3537 quia
437 3469 473 3522 A.
499 3483 553 3536 que
568 3466 599 3520 P.
628 3462 786 3519 obieceritis
801 3463 899 3517 Schlee.
925 3462 1059 3516 obiecerit
1074 3463 1105 3518 P.

95 3537 231 3594 abiecerit
249 3542 284 3595 A.
357 3545 391 3593 29
410 3539 487 3594 urbis
506 3538 540 3594 A.
615 3542 648 3590 30
666 3535 717 3590 His
739 3535 770 3589 P.
