2362 3938
102 186 168 241 VIII
501 189 715 248 PRAEFATIO.

103 349 225 432 legitur
254 351 286 415 in
316 350 379 413 fine
407 351 481 416 libri
505 353 616 436 primi:
644 354 725 419 Inli
753 356 881 421 Valeri
903 356 1117 421 Alexandri

101 456 159 519 oei
178 455 325 521 Polemi
338 456 516 522 Alexandri
528 460 708 526 Macedonis
727 462 803 526 liber
816 463 940 544 prinas
958 464 1034 544 expl.
1054 470 1116 545 eta,

103 544 137 609 in
174 545 283 610 codiee
316 546 551 613 Ambrosiano:
588 548 686 613 Iota
723 550 869 615 Valerii
900 551 1116 617 Alexandri

101 633 284 699 Macedonis
300 634 486 699 Translalae
501 656 539 700 ex
552 636 672 718 Aesopo
688 637 806 703 Graeco
819 639 912 704 Liber
923 641 1048 720 prinas
1064 646 1114 705 eto.

101 723 201 788 Libro
225 723 364 788 seeundo
389 722 605 807 subscriptum
635 732 686 790 est
713 727 748 790 in
774 727 883 792 codiee
907 729 1115 794 Taurinensi:

103 812 186 877 lali
216 812 344 877 Valeri
370 812 582 876 Alexandri
608 813 750 879 Polemi
776 823 815 880 τῖε
843 837 891 881 res
916 823 1016 898 pestoe
1043 819 1115 882 Ale-

100 920 218 984 xandri
241 919 452 983 Macedonis.
477 966 484 983 .
508 966 515 983 .
539 918 621 982 latex
643 919 767 1002 Eropro
791 920 888 1002 Greoo
915 925 1013 1004 explet
1040 925 1116 989 liber

100 1008 250 1073 secandas
277 1011 344 1088 eta,
373 1007 407 1070 in
438 1006 547 1071 codiee
576 1008 807 1073 Ambrosiano:
837 1011 935 1076 Inlii
970 1012 1116 1077 Valerii

101 1095 314 1160 Alexandri
336 1114 384 1158 res
402 1100 483 1178 peste
506 1095 681 1160 Alexandri
700 1098 881 1162 Macedonis
905 1101 1055 1165 translate
1077 1124 1116 1167 ex

100 1183 223 1266 Hosopo
253 1181 350 1247 Creon
378 1187 429 1248 elo.
479 1182 556 1248 Non
584 1184 686 1269 igitur
716 1185 850 1250 dubium
881 1191 946 1270 est,
976 1190 1053 1272 quin
1085 1193 1114 1254 ei

100 1271 234 1354 auctori,
252 1271 342 1336 cuius
358 1293 439 1356 opus
459 1271 576 1336 edituri
597 1294 717 1355 sumus,
735 1296 854 1339 nomen
873 1276 971 1340 fuerit
985 1278 1011 1340 I
1011 1279 1114 1343 alins

106 1360 284 1426 Valerius
302 1360 517 1425 Alexander
536 1361 739 1444 Polenias,
763 1366 860 1446 atque
884 1364 953 1446 ipse
972 1366 1114 1430 clarissi-

102 1452 209 1515 matus
238 1449 434 1533 dignitatem
463 1449 654 1528 obtinuerit,
689 1452 836 1533 quamvis
870 1453 963 1516 aliter
992 1453 1114 1518 iudicet

102 1538 224 1604 dehac
247 1560 282 1602 re
304 1536 426 1602 Paulus
445 1535 599 1624 Meyer1),
622 1559 718 1621 quem
741 1539 886 1604 refellere
910 1543 1112 1623 supersedeo,

101 1624 184 1692 Cum
212 1631 317 1693 autem
347 1648 431 1691 annu
455 1627 519 1693 338
546 1626 727 1691 Polemium
755 1632 787 1692 et
814 1627 935 1693 Ursum
965 1632 1112 1695 consules

99 1716 201 1782 fuisse
225 1719 359 1799 constet,
382 1716 521 1781 fortasse
545 1715 654 1781 Iustus
676 1714 811 1804 Gri0n²)
834 1722 920 1783 recte
943 1719 1034 1802 vidit,
1057 1722 1113 1804 qui

99 1810 245 1871 nostrum
270 1805 393 1869 Iulium
411 1803 580 1870 Valerium
599 1804 822 1870 Alexandrum
840 1806 1019 1874 Polemium
1039 1831 1112 1874 eon-

103 1896 205 1961 sulem
234 1897 326 1960 illum
357 1893 433 1959 anni
456 1895 521 1961 338
550 1915 620 1959 esse
649 1894 861 1962 confirmavit.
906 1894 957 1962 Ne
984 1897 1017 1961 id
1046 1898 1114 1983 qui-

103 1984 176 2048 dem
207 2007 226 2048 a
256 2005 331 2048 vero
364 1983 461 2067 plane
492 1983 661 2064 abhorret,
694 1983 779 2066 quod
810 1984 911 2049 Grion
942 1991 1115 2069 praeeunte

102 2072 222 2157 Klugio
261 2073 424 2154 exposuit,
461 2071 561 2134 etiam
594 2069 757 2134 Itinerarii
795 2076 961 2137 auctorem
993 2073 1114 2139 Iulium

101 2159 269 2224 Valerium
292 2161 401 2222 fuisse.
446 2156 510 2222 Sed
532 2156 594 2221 hae
618 2157 785 2240 opiniones
809 2163 917 2223 utrum
941 2165 1048 2225 rectae
1072 2184 1114 2225 an

99 2247 203 2311 falsae
227 2247 306 2331 sint,
330 2250 418 2310 certo
443 2245 660 2310 demonstrari
682 2245 804 2329 nequit.
850 2245 1031 2310 Careamus
1054 2249 1113 2330 igi-

99 2340 161 2417 tur,
184 2356 225 2399 ne
247 2334 372 2398 fumum
390 2333 575 2397 vendamus.
623 2330 711 2407 Quae
729 2354 806 2397 vero
824 2339 993 2416 praeterea
1012 2334 1112 2400 Grion

100 2427 301 2488 commentus
326 2426 390 2504 est,
416 2420 534 2485 Iulium
557 2419 726 2484 Valerium
750 2419 1007 2486 Alexandrinum
1032 2425 1114 2488 sedi·

99 2511 187 2576 tione
213 2510 415 2595 Aegyptiace
445 2531 464 2572 a
491 2507 695 2572 Diocletiano
720 2530 875 2592 oppressa
899 2505 1000 2595 (anno
1031 2512 1113 2600 291)

101 2600 161 2664 sub
186 2621 305 2665 corona
327 2598 495 2663 venditum
520 2596 554 2660 in
578 2616 694 2660 manus
718 2594 902 2662 Constantii
926 2596 1039 2665 Chlori
1062 2625 1113 2666 ve·

100 2689 196 2771 nisse,
219 2688 331 2753 deinde
356 2683 882 2769 01110011111111110,1111011Ιί111,
906 2687 1002 2773 bello,
1026 2692 1112 2773 quod

99 2776 246 2842 Galerius
265 2777 300 2840 in
318 2774 426 2839 Media
444 2779 477 2839 et
495 2771 651 2838 Armenia
670 2773 771 2858 gessit
790 2771 893 2861 (297),
917 2777 1113 2860 interfuisse,

101 2867 275 2950 eodemque
289 2868 436 2949 tempore
451 2861 623 2927 historiam
638 2862 813 2927 Alexandri
828 2864 1008 2949 scripsisse,
1024 2872 1112 2949 post-

101 2978 139 3020 ea
158 2953 395 3035 Constantium,
419 2950 629 3018 Constantini
646 2951 758 3033 filium,
777 2950 962 3018 Constantii
981 2956 1112 3037 patroni

101 3045 151 3110 sui
169 3048 319 3129 nepotem
339 3065 421 3125 eum,
440 3042 491 3106 eui
510 3040 718 3105 Itinerarium
734 3039 910 3106 Alexandri
929 3044 1112 3107 dedicatum

100 3138 163 3217 est,
191 3133 377 3198 educavisse
405 3136 502 3216 atque
531 3129 572 3194 ab
601 3130 714 3195 eodem
744 3127 881 3195 Caesare
909 3131 996 3196 facto
1026 3154 1112 3195 anno

190 3345 216 3411 1)
236 3344 393 3398 Alexandro
418 3342 444 3396 le
469 3340 563 3396 Grand
586 3343 655 3395 dans
677 3342 705 3395 11
727 3339 885 3395 litterature
908 3340 1046 3412 franaaise
1070 3341 1107 3393 du

100 3431 202 3484 moyen
223 3419 283 3484 nge.
320 3414 497 3469 Paris1886.
535 3414 612 3467 Tum.
632 3413 666 3478 11,
685 3432 712 3481 p.
730 3417 770 3466 15.

186 3486 214 3552 2)
234 3487 246 3538 1
269 3484 359 3539 nobili
385 3484 451 3540 tutti
477 3482 507 3538 di
530 3483 700 3538 Alessandro
723 3482 836 3552 Magno.
878 3481 1006 3552 Bologna
1031 3487 1109 3535 1872.

97 3574 124 3626 p.
144 3554 234 3610 XXVI
249 3573 290 3622 sq.
