2362 3938
121 188 141 252 8
464 182 492 239 c.
511 183 649 239 111111
666 181 796 239 111111

122 353 197 415 quae
222 335 392 395 meminisse
411 334 496 393 iuuet
519 334 689 411 nostrisque
713 331 874 410 nepotibus
896 333 1022 395 instent.

121 424 198 484 hanc
222 441 309 503 nero,
334 424 420 502 socii,
443 423 615 481 uenientem
637 422 669 480 in
692 421 779 481 litore
802 420 872 481 laeti
1092 434 1142 485 too

123 512 260 573 dulcibus
284 511 430 589 adloquiis
452 510 584 588 ludoque
606 508 724 569 educite
747 504 888 570 noctem?

122 607 253 681 paretur.
300 596 380 659 molli
403 600 529 658 iuuenes
553 598 719 658 tunduntur
737 599 768 657 in
792 598 856 677 alga

123 692 363 769 conspicuusque
386 690 461 747 toris
484 686 665 765 Tirynthius
712 693 778 746 exta
801 688 931 747 ministri

123 788 207 858 rapta
230 777 319 838 simul
341 775 465 837 neribus
489 774 688 853 Cereremque
711 774 821 835 dedere
846 777 995 836 canistris.

211 866 331 944 lamque
356 864 456 925 aderat
479 882 595 925 summo
619 864 783 925 decurrens
806 866 921 925 uertice
945 862 1070 949 Chiron,
1095 878 1144 927 eso

124 956 359 1032 clamantemque
382 954 460 1032 patri
483 953 588 1031 procul
611 952 787 1013 ostendebat
809 950 951 1013 Achillen.

123 1052 157 1104 ut
179 1061 256 1122 puer
279 1041 315 1102 ad
335 1048 420 1101 notas
444 1048 578 1100 erectum
600 1040 688 1101 Pelea
710 1058 802 1102 croces

124 1131 200 1192 uidit
223 1138 253 1190 et
276 1131 390 1207 ingenti
412 1129 584 1188 tendentem
608 1128 728 1189 brachia
750 1147 850 1209 passu,

124 1217 243 1278 adsiluit
266 1234 393 1293 caraque
417 1216 468 1275 din
492 1219 611 1276 ceruice
634 1218 783 1296 pependit.

122 1307 207 1366 illum
229 1323 285 1365 nec
308 1303 406 1364 ualido
430 1306 597 1382 spumantia
619 1306 726 1384 pocula
748 1305 864 1366 Baccho
1094 1320 1147 1370 260

124 1394 285 1455 sollicitant
302 1394 401 1454 ueteri
423 1411 479 1453 nec
503 1395 712 1472 conspicienda
735 1394 854 1455 metallo

125 1485 208 1562 signa
230 1490 347 1562 tenent3
371 1489 473 1560 stupet
494 1484 525 1542 in
549 1482 676 1544 ducibus
699 1501 898 1562 magnumque
922 1492 1067 1546 sonantes

124 1573 223 1633 haurit
243 1579 273 1633 et
291 1570 439 1632 Herculeo
462 1571 522 1632 lert
544 1575 710 1633 comminus
733 1591 785 1631 ora
808 1573 896 1632 leoni.

124 1662 219 1722 laetus
243 1668 273 1721 at
295 1660 430 1741 impliciti
453 1659 561 1720 Peleus
584 1664 662 1741 rapit
684 1661 786 1721 oscula
808 1663 870 1720 nati

125 1751 351 1828 suspiciensque
374 1749 477 1828 polum
496 1744 615 1828 ‘placito
639 1751 664 1809 si
688 1766 810 1810 currere
833 1749 928 1810 ductu
1093 1760 1145 1812 aab

125 1838 213 1898 Pelea
232 1832 336 1898 uultis'
359 1840 400 1898 ait
423 1833 601 1917 ‘uentosque
625 1846 728 1916 optare
752 1839 892 1918 ferentes,

126 1927 196 2007 hoc,
221 1928 336 2006 superi,
359 1934 478 1986 seruate
502 1933 599 2005 caput.
646 1934 679 1986 tn
703 1934 814 2006 cetera,
838 1924 960 2008 Chiron,

126 2016 162 2076 da
185 2015 265 2076 mihi.
311 2022 341 2075 te
365 2031 477 2092 paruus
500 2014 589 2075 lituos
613 2022 643 2076 et
665 2015 741 2074 bella
764 2014 936 2093 loquentem

126 2107 267 2184 miretur3
291 2101 347 2163 snb
371 2110 400 2162 te
423 2103 550 2182 puerilia
572 2103 630 2163 tela
653 2105 794 2182 magistro

126 2199 251 2252 uenator
275 2191 350 2251 ierat
373 2198 404 2250 et
427 2199 559 2251 nostram
582 2192 703 2252 festinet
726 2191 762 2252 ad
785 2184 919 2251 hastam?

125 2278 265 2339 omnibus
287 2278 356 2339 inde
379 2281 447 2339 uiae
470 2279 550 2339 calor
574 2279 704 2341 additus:
726 2283 771 2340 ire
794 2297 849 2359 por
871 2279 964 2340 altum

126 2384 231 2444 magna
253 2374 353 2427 mente
377 2367 491 2427 nolunt.
535 2365 639 2428 Phrixi
660 2370 846 2446 promittitur
869 2367 977 2429 absens

125 2453 223 2515 uellus
246 2462 277 2514 et
300 2456 410 2514 auratis
433 2455 511 2532 Argo
535 2456 667 2517 reditura
691 2456 847 2536 corymbis

216 2540 267 2601 Sol
289 2544 351 2602 ruit
374 2549 404 2601 et
426 2550 523 2602 totum
545 2542 652 2623 Minyis
670 2543 848 2606 laetantibus
870 2544 967 2607 undae
1001 2612 1004 2617 ,

127 2630 271 2690 diduxere
295 2630 381 2690 diem.
428 2639 609 2708 sparguntur
633 2632 720 2693 litore
744 2652 838 2694 curuo

126 2719 237 2779 lumina
261 2717 393 2779 nondum
416 2718 485 2778 ullis
509 2728 605 2781 terras
628 2725 823 2783 monstrantia
846 2725 953 2783 nautis.

126 2807 271 2868 Thracius
294 2806 343 2866 hic
366 2815 485 2867 noctem
509 2809 588 2869 dulci
611 2810 761 2872 testudine
785 2819 869 2872 uates

126 2896 267 2978 extrahit,
289 2904 324 2958 ut
346 2898 465 2957 steterit
487 2897 643 2960 redimitus
665 2908 800 2979 tempora
823 2900 906 2960 uittis

125 2985 254 3046 Phrixus
278 2994 308 3047 et
330 2987 455 3047 iniustas
479 2996 633 3050 contectus
656 2989 786 3051 nubibus
810 3006 876 3049 aras

126 3075 236 3153 fugerit
259 3075 330 3136 lnoo
354 3076 492 3154 linquens
516 3076 691 3139 Athamanta
713 3077 860 3157 Learch03

126 3181 235 3224 aureus
259 3172 293 3224 ut
315 3167 457 3225 iuuenem
479 3166 656 3227 mirantibus
679 3166 781 3227 intulit
802 3166 891 3225 undis

125 3260 280 3313 necteret
303 3255 451 3314 adstrictis
473 3261 508 3313 ut
531 3255 608 3315 sedit
631 3252 772 3314 cornibus
794 3251 886 3312 Helle.

126 3346 241 3415 septem
264 3341 377 3401 Arrrora
402 3343 465 3400 uias
488 3342 670 3420 totidemque
693 3348 850 3420 peregerat
873 3341 994 3402 umbras

125 3423 208 3483 Luna
230 3427 298 3504 polo
323 3430 479 3506 dirimique
502 3424 608 3507 procul
631 3447 691 3488 non
714 3445 843 3506 aequore
866 3431 931 3489 uisa

125 3522 265 3593 coeperat
288 3519 438 3592 agentina
457 3517 611 3578 discedere
635 3515 738 3576 Sestos
761 3514 871 3595 Abydo.
