2362 3938
277 181 425 240 ALTERA
443 181 646 241 RESPONSIO
665 183 893 246 ALEXANDRL
1028 184 1093 252 185

328 379 442 446 Altera
464 379 629 464 responsio
652 379 846 468 Alexandm

169 522 218 587 Tu
240 544 326 588 nunc
349 522 422 589 ideo
444 526 478 587 te
503 523 581 588 dicis
605 523 754 606 beatum,
782 522 990 610 oDindime,
1018 526 1093 610 quia

77 613 111 679 in
135 633 173 678 ea
196 612 307 678 mundi
330 615 424 695 parte
451 611 559 676 sedem
582 612 676 678 vobis
705 615 823 685 natura
848 613 1032 696 constituit,
1059 615 1094 680 in

77 723 141 786 qua
160 722 218 764 nec
238 720 387 766 accessus
409 700 541 766 advenis
561 721 621 765 nec
640 699 744 766 exitus
764 700 909 784 aperitur
924 701 1094 787 indigenis,

77 789 135 855 sed
166 789 309 854 excubiis
341 789 511 873 oppositae
539 788 741 854 difficultatis
771 790 910 875 obsessi,
939 791 1121 874 quoniame

78 879 181 941 vitare
205 899 271 942 non
294 878 422 961 valetis,
444 881 588 963 vestram
610 878 752 960 patriam
776 878 915 945 laudatis
939 882 981 964 et,
1008 879 1094 963 quod

78 966 298 1033 damnationis
327 988 425 1032 causa
451 965 615 1050 patimini,
643 967 863 1033 continentiae
892 968 1000 1034 studio
1028 989 1093 1035 me·

78 1056 182 1120 ruisse
205 1077 263 1121 vos
286 1054 426 1121 iactatis.
462 1054 577 1138 Itaque
602 1055 776 1122 secundum
800 1061 942 1122 vestram
966 1060 1094 1122 senten·

78 1145 159 1208 tiam
187 1147 220 1207 et
248 1143 296 1207 illi
319 1143 409 1209 beati
435 1144 561 1210 dicendi
590 1147 681 1226 sunt,
710 1145 766 1228 qui
794 1145 959 1230 perpetuis
986 1147 1096 1211 innexi

78 1233 216 1297 vinculis
240 1236 273 1296 et
296 1231 448 1297 diuturno
473 1233 623 1317 squalore
646 1238 826 1299 marcentes
851 1235 953 1301 vitam
976 1257 1095 1318 poena
1111 1268 1125 1308 ι,

78 1323 141 1386 lem
167 1321 230 1385 sibi
255 1326 540 1388 consenescentem
564 1321 755 1404 producunt.
791 1320 906 1407 Neque
929 1325 1016 1388 enim
1035 1324 1096 1390 dis-

79 1414 189 1493 crepat
213 1410 253 1475 ab
278 1410 324 1473 eis
347 1413 458 1475 vestra
480 1409 701 1495 philosophia.
739 1411 826 1477 Nam
848 1412 943 1477 vobis
969 1414 1016 1478 ita
1039 1413 1094 1480 bo·

78 1521 196 1563 norum
219 1520 297 1563 usus
321 1499 512 1565 interdictus
536 1503 600 1578 est,
628 1502 665 1582 ut
687 1499 762 1564 illis.
808 1496 991 1582 Cruciatus,
1015 1521 1096 1584 quos

79 1586 265 1652 criminosis
279 1587 362 1670 apud
382 1609 441 1655 nos
461 1587 534 1652 iura
553 1590 739 1669 sanxerunt,
757 1587 852 1651 vobis
871 1588 922 1652 lex
936 1589 1096 1654 naturalis

79 1676 237 1754 adhibuit,
261 1680 293 1740 et
311 1679 493 1760 praecepta,
518 1697 599 1759 quac
618 1676 711 1740 vobis
731 1676 950 1741 continentiae
970 1680 1095 1742 vestrae
1110 1709 1125 1747 ι,

79 1765 257 1829 necessitas
281 1764 383 1849 dedit,
408 1765 475 1828 illis
500 1785 609 1832 carcer
632 1764 784 1828 instituit
829 1763 882 1829 Ita
905 1765 957 1849 fit,
981 1768 1018 1829 ut
1041 1767 1101 1849 qui

81 1853 216 1918 avobis
240 1854 428 1937 philosophi
451 1857 620 1934 vocantur,
648 1854 695 1916 rai
717 1853 970 1935 pronuntientur
996 1875 1016 1916 a
1037 1875 1096 1921 no-

79 1943 139 2007 bis.
192 1941 237 2006 Et
267 1964 344 2007 sana
377 1943 529 2008 convenit
558 1944 684 2006 vestras
714 1941 863 2005 miserias
894 1942 1005 2026 potius
1038 1963 1096 2007 vos

79 2031 190 2116 lugere
214 2052 336 2115 proque
359 2032 463 2095 tantis
486 2030 581 2096 malis
606 2029 736 2094 trahere
760 2029 920 2113 profunda
948 2029 1097 2114 suspiria.

81 2119 166 2195 Quid
196 2119 281 2184 enim
310 2119 478 2204 afflictius,
509 2117 585 2203 quid
616 2117 837 2184 calamitosius
867 2119 1014 2204 homine,
1044 2121 1096 2186 cui
1111 2153 1125 2192 a

80 2209 183 2275 libere
211 2209 340 2279 vivendi
369 2213 491 2293 negata
520 2210 667 2292 potestas
697 2207 771 2272 cst?
821 2206 957 2272 interim
986 2208 1098 2293 liquet,

82 2297 160 2380 quid
179 2297 217 2361 de
235 2296 355 2362 vestris
374 2297 518 2362 moribus
538 2296 615 2360 deus
636 2299 750 2363 auctor
768 2298 994 2382 praesenserit,
1014 2318 1096 2382 quos

80 2385 188 2450 noluit
211 2385 376 2450 Tartareis
398 2388 475 2469 post
499 2384 624 2449 obitum
646 2401 813 2450 reservare
837 2386 1014 2471 suppliciis,
1040 2386 1096 2451 sed

81 2474 175 2539 vivos
198 2474 340 2558 perferre
365 2475 482 2541 statuit
505 2472 650 2557 inopiam
673 2476 891 2558 mortuorum,
919 2497 1015 2560 quam
1039 2497 1097 2542 vos

81 2562 308 2646 philosophiae
335 2563 495 2629 vocabulo
524 2562 608 2628 falso
637 2563 847 2630 concinnatis.
892 2561 961 2629 Nec
988 2567 1125 2643 tamen2

84 2673 122 2715 ex
140 2652 202 2715 hoo
222 2651 338 2735 aliquis
357 2651 451 2717 vobis
469 2650 594 2715 fructus
613 2651 720 2717 laudis
740 2652 926 2736 acquiritur.
963 2650 1099 2718 Nullum

84 2741 170 2805 enim
194 2740 326 2804 virtutis
354 2740 508 2804 meritum
535 2743 586 2803 est
615 2740 648 2803 id
670 2740 831 2821 nancisci,
859 2740 944 2825 quod
973 2744 1098 2806 mutare

174 2984 252 3038 2Tu
274 2984 360 3056 nnnc]
385 2986 450 3040 tuno
473 2984 508 3038 L.
540 2985 570 3038 te
593 2984 672 3041 RB.
701 3001 745 3038 me
768 2983 845 3038 L.P.
918 2981 1046 3051 taperit
1066 2982 1101 3037 L.

86 3056 249 3124 capposite
269 3056 304 3111 L.
338 3055 471 3124 quoniam
490 3054 566 3113 ΕΒ.
595 3071 679 3122 quam
702 3054 777 3108 RB.
852 3058 936 3108 tvos
955 3068 1005 3107 om.
1024 3053 1100 3110 ΖΑΒ.

87 3131 118 3179 12
137 3125 199 3252 ita}3
210 3126 280 3181 item
293 3127 330 3185 B.
368 3132 408 3180 13·
421 3127 465 3180 est
479 3127 512 3180 ut
525 3124 584 3182 illis
599 3124 635 3180 B.
659 3124 737 3179 utilis
752 3127 795 3179 ost
809 3129 856 3178 cet.
882 3122 1050 3177 cruciatibus
1064 3122 1101 3178 B.

85 3214 191 3322 dddslt.
248 3272 280 3323 19
300 3283 406 3337 proque
426 3283 522 3322 aarum
541 3266 577 3322 R.
634 3271 669 3323 20
689 3264 763 3332 Quid
782 3266 855 3320 enim
875 3264 910 3319 R.
937 3262 1006 3332 quid
1024 3264 1099 3319 L.B.

84 3339 159 3407 quod
185 3338 219 3392 P.
310 3344 344 3392 21
367 3337 482 3394 Interim
505 3337 598 3406 liquet
620 3336 655 3392 R.
688 3336 799 3391 interim
824 3336 858 3394 L.
866 3335 899 3389 P.
933 3335 1038 3392 arbiter
1060 3336 1101 3390 in·

86 3427 172 3478 qnam
188 3408 225 3463 B.
323 3415 359 3463 24
377 3409 450 3464 vivis
468 3409 502 3464 L.
539 3407 677 3478 inopiam]
698 3407 836 3476 supplicia
854 3406 888 3461 L.
984 3412 1018 3460 25
1038 3423 1102 3462 con·

86 3480 234 3536 cinnantes
252 3480 288 3534 R.
351 3486 385 3535 26
405 3480 561 3547 acquiritur
581 3481 615 3534 P.
644 3477 798 3549 exquiritur
816 3483 862 3534 oet.
925 3483 958 3532 2'1
978 3474 1104 3535 nancisei

86 3551 164 3606 RB.
192 3551 271 3606 nasci
289 3551 366 3606 L.P.

202 3197 249 3251 .B.
277 3213 331 3265 qus
350 3196 383 3251 P.
410 3197 485 3265 quod
504 3196 539 3251 R.
602 3201 634 3250 17
654 3195 871 3265 pronuntiantur
888 3194 924 3248 R.
985 3197 1019 3248 18
1037 3194 1101 3265 vos]
