2376 3938
388 160 518 247 carrus
538 192 759 249 rauranum.
1016 195 1079 258 153

67 378 126 439 per
151 356 217 418 dies
242 356 377 439 triginta
402 357 486 420 inter
513 355 606 436 baec,
635 377 716 439 quae
744 355 805 418 diis
835 359 993 441 aguntur,
1021 358 1079 422 ubi

66 444 166 508 fuerit
199 443 240 507 ad
272 445 468 526 lubentiam,
505 444 666 508 nubimus.
721 443 862 526 Nuptias
895 467 971 510 vero
1005 467 1078 510 cum

67 532 211 597 maribus
236 533 489 616 derelinquimus
512 533 618 617 pactis
643 538 676 596 et
697 533 839 617 legibus,
867 538 904 596 ut
933 555 1078 618 quaeque

68 623 153 685 exim
174 621 215 684 ad
235 642 346 685 sexum
360 622 446 686 hunc
466 621 571 685 editae
586 621 689 701 fuant,
708 621 839 684 eaedem
855 626 933 704 post
952 626 1078 705 septen·

66 711 156 773 nium
175 710 208 773 in
229 711 403 774 exercitum
423 711 637 774 dimittantur.
676 708 738 773 Sed
756 710 813 773 ubi
831 711 990 795 venerint,
1009 731 1106 776 eni-s

68 799 199 861 diuntur
227 799 316 882 equis
341 803 373 862 et
394 799 506 883 peltis,
533 799 635 862 donec
663 798 762 862 armis
790 798 926 862 idoneae
949 800 1079 865 fuerint.

66 886 175 969 Igitur
192 888 286 950 nobis
307 909 508 970 quocumque
527 885 744 967 militandum,
763 890 797 950 et
809 888 927 970 viginti
945 889 1076 953 milibus
1096 898 1143 952 72.

66 980 216 1040 nostrum
239 976 326 1040 domi
350 980 382 1039 et
405 977 440 1039 in
464 976 570 1059 patria
597 975 883 1059 praetendentibus
907 980 939 1040 et
962 977 1077 1041 ceteris

68 1086 159 1128 arma
179 1068 363 1146 sumuntur3
386 1063 661 1148 redeuntibusque
680 1086 750 1128 mos
775 1067 826 1127 est
843 1064 999 1130 honorem
1018 1087 1078 1149 pro

67 1153 253 1216 vulneribus
276 1153 449 1217 numerari.
493 1152 543 1216 Ea
570 1154 665 1216 nobis
694 1152 856 1236 stipendia
880 1157 969 1236 sunt,
996 1154 1118 1220 haecro

66 1242 247 1324 provecti03
275 1244 468 1324 tantumque
496 1242 567 1324 quis
590 1245 738 1306 nostrum
762 1242 884 1306 honore
908 1243 996 1307 dives
1022 1247 1079 1326 est,

68 1334 225 1413 quantum
256 1329 458 1395 cicatricibus
488 1329 684 1413 insignitior.
738 1329 861 1414 Quippe
894 1334 927 1395 et
959 1353 1079 1396 corona

68 1439 167 1482 aurea
193 1418 363 1482 redimitae
391 1419 571 1483 salutamur
595 1424 691 1502 atque
715 1419 888 1483 odoramur
916 1441 935 1482 a
963 1421 1078 1484 ceteris

68 1510 100 1569 et
124 1507 262 1589 publicis
287 1508 446 1572 conviviis
469 1507 659 1570 adhibemur
688 1510 721 1571 et
748 1511 877 1589 cuncta,
907 1529 989 1591 quae
1013 1508 1079 1571 sint

67 1595 162 1658 nobis
192 1595 233 1658 ad
259 1596 464 1679 obsequium,
498 1595 692 1660 deferuntur.
744 1595 836 1671 Quod
869 1596 896 1659 si
929 1597 962 1658 in
991 1595 1118 1660 bellois

68 1687 216 1764 mortem,
240 1706 335 1767 quam
355 1686 422 1748 voti
441 1685 513 1765 erit,
536 1683 656 1748 nobilis
676 1684 770 1767 virgo
789 1691 918 1747 strenue
938 1687 1079 1766 oppetet‚

67 1777 101 1837 et
133 1771 264 1837 functae
298 1773 399 1837 divini
436 1774 574 1837 honores
613 1771 808 1836 adhibentur
846 1777 878 1835 et
916 1772 1079 1836 adfinitati

67 1860 250 1925 iunctarum
287 1862 398 1945 largae
434 1862 589 1946 pecuniae
616 1861 826 1944 honoresque
859 1863 1078 1925 numerantur.

67 1946 240 2032 Ceteroqui
263 1952 358 2014 nobis
383 1973 496 2014 aurum
519 1971 586 2014 non
609 1953 659 2013 est
682 1970 784 2034 neque
808 1954 992 2032 argentum,
1015 1950 1078 2013 nisi
1093 1977 1117 2016 ra

67 2039 152 2122 quod
172 2039 216 2102 sit
238 2040 271 2102 in
294 2039 477 2121 insignibus
496 2036 700 2104 militaribus.
742 2037 832 2101 Haec
854 2038 912 2100 illa
934 2041 1020 2120 sunt,
1044 2038 1077 2101 in
1095 2053 1140 2106 73.

68 2128 184 2209 quibus
198 2128 428 2209 impenduntur
441 2131 556 2191 nostra
565 2126 762 2210 discrimina,
777 2127 856 2190 etin
872 2147 954 2210 quae
969 2127 1079 2191 omnia

66 2215 316 2296 periclitandum
343 2221 407 2298 est,
436 2217 631 2299 quicumque
655 2215 840 2280 Amazonas
871 2215 957 2279 bello
983 2215 1078 2297 depo,-

67 2308 165 2366 scent.
205 2300 302 2366 Cuius
323 2308 474 2368 eventum
492 2325 558 2368 non
578 2305 657 2368 satis
677 2304 874 2368 arbitramur
892 2303 1020 2387 utrique
1039 2304 1078 2367 de

66 2393 145 2472 pari.
184 2390 309 2475 Quippe
332 2393 388 2457 ubi
406 2393 627 2456 Amazonibus
651 2393 718 2457 suis
742 2399 856 2458 auctor
875 2392 1002 2478 generis
1022 2415 1077 2457 no·

67 2481 126 2542 stri
141 2479 230 2543 Mars
244 2481 369 2564 faverit,
388 2503 494 2547 mares
514 2503 534 2544 a
551 2481 684 2545 feminis
699 2481 787 2546 caesi
800 2483 941 2565 victique
954 2482 1076 2545 maiore
1091 2507 1117 2548 aa

66 2590 139 2631 cum
164 2568 317 2632 dedecore
342 2572 496 2652 oppetent
515 2570 565 2633 val
589 2570 783 2635 dilabentur.
825 2569 891 2634 Ubi
909 2591 984 2634 vero
1004 2591 1077 2633 curn

66 2657 211 2720 maribus
232 2660 358 2721 steterit
377 2659 453 2722 belli
472 2658 612 2740 fortuna,
635 2659 785 2742 pudenda
803 2680 855 2722 res
875 2660 934 2740 est,
952 2658 981 2720 si
1000 2658 1077 2743 quid

64 2743 118 2808 hio
138 2767 232 2808 sexus
253 2748 411 2829 superatis
431 2746 560 2810 feminis
580 2747 746 2831 glorietur.
778 2746 868 2813 Haec
887 2746 949 2810 tibi
967 2745 1077 2829 igitur,

65 2854 130 2914 rex,
154 2855 311 2915 responsa
335 2835 373 2897 de
396 2837 491 2900 nobis
515 2841 600 2918 sunt,
624 2857 760 2919 quarum
786 2836 813 2899 si
831 2834 982 2899 fiduciam
1006 2856 1078 2916 pro-

66 2921 133 3003 bas,
158 2923 348 3006 obsequium
378 2923 478 2987 etiarn
506 2945 571 2988 non
601 2925 828 3007 aspernabere,
857 2922 1015 3006 siquidem
1043 2928 1117 2989 tero

155 3129 262 3183 linter
282 3147 315 3183 ex
333 3146 466 3198 cooperior.
487 3131 532 3185 vel
550 3130 620 3184 baec
639 3130 674 3183 A.
702 3127 777 3182 inter
796 3143 830 3182 cx
849 3129 881 3184 P.
950 3129 1076 3196 3pactis

64 3201 93 3252 et
113 3198 186 3267 legis
205 3201 240 3255 A.
301 3201 417 3256 tfuant
435 3202 471 3255 A.
499 3202 570 3254 fiant
588 3201 621 3255 P.
659 3200 756 3254 eadem
776 3203 811 3254 A.
872 3204 905 3252 17
925 3199 1021 3252 functe
1041 3199 1075 3253 P.

63 3270 153 3323 functi
163 3271 199 3323 A.
219 3271 306 3325 divini
315 3274 423 3341 scripsi.
444 3270 556 3326 divinae
568 3272 602 3325 P.
617 3288 667 3326 om.
679 3271 713 3325 A.
753 3277 785 3324 18
800 3270 959 3323 iunctarum
968 3271 1076 3337 scripsi.

63 3339 222 3394 functorum
233 3342 306 3397 A.P.
346 3350 378 3397 19
395 3342 544 3411 Ceteroqui
555 3344 662 3410 scripsi.
688 3340 872 3408 Getarumque
882 3340 918 3394 A.
927 3339 960 3395 P.
987 3355 1076 3408 neque

63 3428 161 3465 aurum
177 3417 221 3466 est
234 3413 267 3466 P.
296 3413 350 3466 nisi
369 3414 392 3468 si
411 3414 478 3482 quid
498 3413 535 3467 sit
548 3414 581 3467 P.
619 3419 652 3466 22
672 3427 856 3481 quaecunque
871 3413 906 3465 A.
945 3416 979 3464 23
998 3410 1077 3464 ouius

63 3483 133 3537 Mai.
162 3484 296 3552 cuiusque
315 3486 389 3539 ΑΡ.
463 3490 498 3538 24
518 3486 616 3538 auctor
634 3484 666 3536 P.
695 3484 773 3538 actor
790 3483 826 3537 A.
897 3488 931 3536 25
950 3481 1024 3537 caesi
1044 3482 1076 3538 P.

63 3556 140 3608 caeci
160 3556 196 3610 A.
269 3562 303 3609 30
322 3572 501 3624 aspemarere
522 3557 555 3608 P.
