2362 3938
128 163 192 228 154
472 160 501 217 c.
519 159 657 216 000000
674 160 806 217 000000
854 228 856 233 ,

123 311 278 372 Haemonii
301 310 444 372 thalamos
467 311 556 371 adeas
580 310 720 390 despecta
743 312 852 390 mariti,

124 406 170 461 tot
192 401 293 461 decuit
316 401 457 460 comitare
481 408 574 479 rates,
598 405 643 460 tot
666 398 781 478 fulgere
805 394 928 460 taedas?

168 488 288 550 Dixerat
311 497 399 568 atque
423 506 512 548 orans
534 490 623 547 iterat
646 504 805 566 remosque
829 489 982 568 uirosque,
1089 496 1128 548 000

126 596 240 657 perque
265 579 338 638 ratis
362 575 501 656 supplent
523 577 604 655 regis
627 575 720 637 uerba
743 575 792 635 illa
815 577 959 654 magistri.

124 667 167 727 illi
189 673 290 727 autem
312 668 487 743 intorquent
509 666 625 726 truncis
649 662 857 724 frondentibus
880 663 1000 746 undam,

28 830 32 837 .
125 773 260 835 quaeque
284 755 331 815 die
354 755 452 815 luerat
475 755 583 834 raptim
605 753 731 813 formata
754 751 810 813 sub
834 770 895 813 uno

125 852 155 905 et
178 852 295 907 tantum
318 843 433 903 deiecta
457 844 520 903 suis
543 860 559 901 a
582 840 734 902 montibus
757 840 847 901 arbor

124 925 211 1014 (quid
234 931 318 993 dolor
342 939 371 991 et
394 939 533 992 ueterum
551 931 649 1009 potuit
671 948 732 989 non
755 931 798 991 ira
822 923 997 1011 uirorum?)
1088 941 1135 992 000

123 1020 203 1081 haud
225 1020 321 1100 longis
344 1021 403 1079 iam
426 1020 515 1080 distat
537 1020 631 1099 aquis,
656 1020 851 1097 sequiturque
875 1017 1028 1079 uolantem

124 1108 249 1170 barbara
272 1107 430 1168 Palladiam
452 1126 583 1188 puppem
606 1108 688 1187 ratis,
711 1108 786 1168 ostia
809 1106 905 1166 donec

124 1196 250 1257 Danubii
273 1197 460 1273 uiridemque
477 1196 588 1267 ‚uident
611 1202 679 1256 ante
703 1196 779 1257 ostia
796 1193 927 1275 Peucen,

122 1284 284 1363 ultimaque
308 1283 493 1362 adgnoscunt
515 1283 606 1360 Argoi
629 1301 743 1343 cornua
764 1282 841 1344 mali.
1091 1328 1094 1333 .

123 1383 187 1434 tum
209 1390 282 1433 uero
306 1370 466 1432 clamorem
489 1388 593 1431 omnes
616 1373 795 1450 inimicaque
817 1369 927 1432 tollunt
1090 1381 1137 1435 000

125 1452 244 1542 gaudia,
266 1468 331 1522 tum
354 1462 474 1539 grauior
497 1461 588 1520 remis
611 1460 720 1541 fragor,
743 1468 777 1520 ut
799 1458 906 1540 procul
928 1459 1007 1539 Argo

123 1554 187 1612 uisa
210 1552 295 1631 uiris
317 1566 467 1628 unamque
490 1555 598 1629 petunt
619 1555 716 1611 rostra
741 1549 839 1609 omnia
861 1566 1003 1627 puppem.

122 1643 263 1720 princeps
286 1637 421 1699 naualem
444 1638 550 1698 nodosi
572 1636 689 1697 roboris
712 1655 824 1698 uncum
874 1649 877 1654 ·

124 1730 230 1807 arripit
252 1734 283 1787 et
305 1727 392 1805 longa
418 1725 524 1806 Styrus
546 1732 719 1806 prospectat
742 1724 778 1785 ab
802 1725 890 1805 unda,

124 1817 261 1895 coniugio
285 1823 373 1900 atque
396 1816 507 1875 iterum
530 1832 656 1894 sponsae
679 1813 846 1874 llammatus
869 1831 979 1874 amore.
1088 1825 1139 1874 300

122 1906 240 1984 iamque
264 1903 312 1964 alii
336 1903 447 1983 clipeos
471 1910 501 1962 00
523 1902 581 1962 0010
604 1901 727 1963 trabalia
750 1902 863 1962 dextris

123 1992 299 2073 expediunt,
322 1999 437 2052 armant
460 1990 509 2051 alii
531 1992 606 2071 picis
629 1992 762 2069 unguine
785 1989 925 2050 llammas.

122 2084 271 2161 inpatiens
293 2082 396 2141 tremit
417 2080 501 2140 hasta
525 2097 639 2161 morae,
662 2097 719 2139 nec
741 2078 859 2158 longius
881 2080 970 2159 inter,

124 2189 212 2250 quam
236 2169 315 2248 quod
338 2168 397 2229 tela
419 2176 517 2248 uetet‚
540 2176 678 2247 superest
700 2186 791 2228 mare.
836 2165 962 2227 uocibus
985 2173 1096 2246 urgent

123 2261 237 2320 interea
260 2265 290 2318 00
312 2255 438 2337 pedibus
460 2256 579 2336 pulsant
601 2255 731 2317 tabulata
754 2256 925 2316 frementes.
1088 2264 1140 2317 300

168 2346 243 2407 Cum
266 2345 379 2407 subitas
403 2345 506 2406 uidere
529 2351 610 2405 rates
632 2344 808 2422 uibrataque
831 2342 956 2404 flammis

110 2449 262 2514 aequora,
284 2452 344 2494 non
368 2432 427 2494 ulla
450 2433 564 2512 Minyae
589 2433 747 2493 formidine
771 2440 908 2513 surgunt,

122 2525 237 2601 primus
261 2523 345 2580 etin
368 2539 500 2600 puppem
522 2521 641 2580 deserta
663 2521 781 2598 uirgine
805 2521 912 2581 ductor

122 2609 240 2688 prosilit
264 2616 294 2668 00
317 2626 431 2669 summa
454 2607 567 2686 galeam
589 2609 667 2687 rapit
690 2607 766 2669 altus
790 2608 827 2668 ab
849 2608 943 2688 hasta,

122 2715 193 2757 ense
217 2696 305 2756 simul
328 2695 483 2775 clipeoque
506 2698 609 2777 micat3
632 2714 687 2757 nec
711 2705 810 2757 cetera
829 2696 924 2777 pubes
1056 2743 1058 2747 ψ
1088 2708 1140 2760 000

123 2787 243 2866 segnius
267 2784 396 2865 adreptis
419 2787 451 2845 in
473 2784 561 2856 litore
585 2787 719 2847 constitit
742 2787 841 2846 armis.

123 2883 152 2935 at
176 2874 230 2935 tibi
254 2893 329 2954 quae
354 2874 502 2935 scelerum
524 2875 625 2958 facies,
648 2874 759 2957 Medea,
782 2868 926 2935 tuorum?

122 2965 228 3041 quisue
251 2963 350 3042 pudor
368 2962 495 3024 Colchos
514 2966 625 3026 iterum
648 2965 831 3042 fratremque
854 2962 970 3023 uidenti

124 3051 268 3130 quidquid
293 3060 323 3112 et
346 3051 496 3115 abscisum
518 3061 604 3115 uasto
626 3055 685 3115 iam
708 3060 772 3114 tuta
794 3050 942 3130 profundo

122 3137 314 3201 credideras?
337 3159 408 3218 ergo
431 3142 561 3202 infausto
581 3154 651 3201 'sese
674 3140 784 3201 occulit
807 3147 902 3219 antro,
1087 3148 1139 3200 300

122 3244 183 3287 000
206 3226 285 3288 aliud
310 3246 399 3307 quam
423 3236 504 3288 certa
526 3230 612 3306 mori,
636 3245 689 3288 seu
713 3246 801 3288 carus
824 3227 911 3289 lason

122 3331 176 3374 seu
199 3317 292 3375 irater
316 3315 402 3375 Graia
425 3317 524 3376 uictus
548 3313 705 3375 cecidisset
727 3314 764 3374 ab
787 3314 879 3381 hasta.

165 3399 251 3463 Haud
274 3405 316 3463 ita
340 3403 515 3491 sedtsegnis
539 3419 655 3461 summo
679 3402 764 3462 sedet
786 3403 907 3463 aethere
930 3401 1006 3462 luno

121 3496 172 3548 aut
195 3491 266 3549 sinit
289 3497 421 3550 extrema
444 3489 557 3569 Minyas
580 3487 743 3550 decernere
766 3506 874 3567 pugna,
