2362 3938
104 161 170 226 100
527 159 638 214 amns
655 160 689 215 11.

101 325 238 407 tavisse,
266 344 370 408 neque
398 323 479 387 mihi
507 323 543 387 in
566 323 682 389 Asiam
704 322 895 389 transeundi
924 322 1024 388 aliam
1048 324 1119 408 quis

101 410 221 476 dixerit
245 433 316 476 esse
340 433 488 494 causam,
514 412 579 477 nisi
608 411 694 497 quod
722 415 837 477 cuncte
864 411 945 476 haec
971 411 1054 476 mihi
1085 435 1120 477 ac

99 519 191 563 meae
219 499 517 583 praeiudicaveram
546 501 754 585 possessioni.
801 498 861 565 Sat
888 500 991 585 igitur
1020 500 1120 566 Dario

100 587 251 653 videatur
274 588 307 652 id
331 588 428 653 modo
455 611 557 653 unum
581 589 662 654 lucri
685 588 820 672 habere,
844 588 930 673 quod
953 590 1121 672 imperter-

76 675 188 741 sritus
210 676 263 742 his
287 677 438 742 omnibus
462 677 563 741 veluti
587 677 793 742 alienissimis
816 676 1039 741 incubaverit?
1077 677 1121 742 Ilt

101 765 137 828 in
160 764 246 830 hanc
269 765 463 830 sententiam
492 764 629 830 dictatas
642 765 786 830 litteras
814 765 892 829 ferri
920 765 960 831 ad
984 765 1122 832 Darium

100 853 203 919 iubet.
254 852 329 937 lpse
359 874 435 918 vcro
466 852 586 917 transit
620 853 660 917 ad
690 853 877 918 huiusmodi
906 852 1121 938 diligentiam,

102 940 153 1009 uti
177 946 211 1007 et
233 941 395 1007 vulnerati
418 943 655 1025 competentius
676 945 866 1007 curarentur
889 946 922 1006 et
946 942 1121 1009 desiderati

101 1031 189 1097 bello
218 1030 396 1116 sepulchris
421 1030 461 1094 ad
483 1031 638 1095 meritum
665 1030 904 1096 decorarentur.
951 1031 1059 1115 Atque
1088 1035 1122 1097 in

64 1138 92 1180 ro
105 1119 186 1185 haec
202 1122 378 1203 occupatus
391 1118 509 1183 hiemis
525 1119 633 1202 spatia
646 1120 816 1204 transegit,
830 1119 986 1204 quidquid
994 1119 1122 1186 interea

100 1209 259 1292 temporis
282 1207 396 1291 fuerit,
425 1206 486 1272 diis
508 1207 720 1291 praestitibus
744 1208 911 1272 sacrificiis
935 1209 1120 1275 obsecutus.

101 1294 212 1381 Atque
236 1319 310 1362 eum
327 1296 452 1360 interea
470 1298 563 1360 motu
581 1296 723 1380 quodam
747 1297 846 1361 animi
865 1297 1036 1381 repentino
1056 1299 1121 1363 ius·

103 1385 201 1450 sisset
215 1385 340 1470 regiam
355 1384 465 1468 Xerxi,
484 1405 566 1468 quae
581 1384 831 1468 opulentissima
850 1389 883 1450 et
901 1385 1121 1468 pulcherrima

101 1473 283 1558 videbatur,
306 1474 427 1538 iniecto
446 1473 518 1557 igni
537 1473 744 1557 concremari,
767 1473 800 1537 id
820 1495 948 1558 quoque
968 1497 1045 1540 mox
1064 1498 1121 1559 per

62 1581 89 1623 rs
102 1562 337 1648 poenitentiam
369 1561 565 1627 reformatus
602 1561 768 1647 exstingui
801 1566 899 1647 atque
932 1563 973 1628 ad
1002 1563 1122 1628 facicm

101 1652 277 1734 pristinam
300 1649 435 1715 retineri
458 1651 632 1734 praecepit.

190 1739 270 1803 Fuit
284 1738 387 1803 eidem
402 1740 487 1803 inter
501 1739 581 1804 haec
595 1761 700 1825 curae,
718 1743 755 1803 ut
769 1740 939 1823 sepulchra
953 1738 1065 1805 Persa·
1094 1746 1168 1803 XVII

101 1848 174 1892 rum
193 1830 226 1891 et
245 1827 374 1911 sepulta
393 1828 473 1892 clim
493 1849 605 1893 eorum
624 1849 761 1912 corpora
779 1829 968 1913 intueretur,
987 1831 1072 1912 quod
1086 1832 1122 1894 in

101 1915 155 1980 his
166 1916 345 1999 sepulchris
359 1917 455 1981 multi
469 1921 609 1983 crateres
620 1918 709 1982 aurei
723 1917 890 2000 multaque
904 1919 1015 2004 magni
1025 1919 1121 2002 pretii

63 2025 90 2065 ro
104 2004 235 2070 condita
252 2004 293 2068 ad
311 2007 508 2089 templorum
529 2006 808 2091 magnificentiam
828 2007 1021 2071 dicerentur.
1059 2007 1121 2072 Sed

38 2119 41 2123 ·
103 2093 232 2178 egregie
252 2095 368 2158 ceteris
387 2095 535 2160 anteibat
553 2093 631 2178 Gyri
651 2094 756 2174 aedes,
776 2115 859 2178 quac
879 2095 1001 2160 scilicet
1020 2098 1120 2160 turris

103 2181 143 2245 ad
165 2180 284 2246 faciem
308 2183 415 2266 lapids
437 2183 502 2249 levi
522 2182 745 2266 quadrathue
769 2183 803 2246 in
825 2205 985 2247 summam
1009 2183 1120 2247 altitu-

102 2269 210 2334 dinem
238 2273 406 2336 exstructa
432 2273 644 2353 processerat.
691 2268 761 2354 Ipsi
787 2292 865 2334 vero
895 2267 982 2353 Cyro
1011 2269 1118 2334 condi-

101 2358 221 2423 torium
249 2362 320 2423 erat
349 2381 365 2423 e
393 2359 500 2441 lapide
523 2358 670 2441 visendo,
699 2358 790 2422 cuius
819 2356 886 2422 sive
909 2361 1026 2421 natura
1049 2380 1119 2440 per-

63 2466 89 2507 as
104 2447 215 2530 spicue
255 2448 322 2512 sive
360 2446 533 2529 inscalptio
571 2444 651 2511 adeo
684 2447 790 2510 tenuis
823 2449 908 2528 erat,
944 2449 982 2510 ut
1013 2445 1117 2510 nihilo

102 2556 245 2620 prorsus,
269 2534 426 2619 quidquid
444 2535 610 2617 intererat,-
632 2534 804 2618 impediret
826 2534 1021 2598 intuentium
1047 2534 1119 2598 dili·

103 2624 258 2709 gentiam,
283 2625 363 2689 adeo
382 2627 420 2688 ut
438 2626 572 2706 propter
595 2623 666 2686 saxi
685 2622 773 2687 illius
793 2622 988 2687 evidentiam
1007 2623 1119 2706 capilli

104 2712 204 2777 etiam
228 2713 354 2779 conditi
378 2711 540 2777 cadaveris
563 2710 753 2776 viserentur.

193 2891 208 2940 1
229 2885 300 2940 mihi
319 2902 389 2942 corr.
408 2902 441 2940 ex
461 2884 516 2938 sibi
534 2891 560 2939 T.
591 2883 646 2938 sibi
666 2884 700 2938 P.
767 2892 782 2940 3
803 2886 853 2941 Sat
872 2887 908 2941 sit
927 2886 1015 2955 igitur
1034 2887 1118 2941 Dario

104 2957 128 3011 si
146 2956 320 3012 videaturP.
363 2955 605 3024 4impertcrritus
624 2956 732 3024 scripsi.
762 2957 983 3027 imperterritum
994 2959 1028 3012 P.
1057 2963 1120 3012 aute

103 3029 153 3086 hoc
170 3029 281 3084 vatum
298 3030 358 3082 tam
377 3025 426 3081 diu
445 3029 487 3082 cel
504 3027 592 3082 simile
609 3027 677 3096 quid
695 3028 804 3084 uidear
822 3030 960 3085 exedisse.
1008 3035 1023 3083 9
1042 3028 1119 3082 bello

105 3099 240 3169 sepulcris
257 3106 291 3154 .T.
322 3099 398 3154 vallo
423 3097 545 3167 sepulcri
571 3097 602 3152 T.
686 3103 719 3151 15
743 3098 909 3155 reformatus
933 3101 1002 3155 Keil.
1034 3100 1119 3154 refor-

103 3173 214 3225 matum
231 3170 273 3226 uel
291 3170 472 3224 reformatam
488 3176 515 3223 T.
535 3167 718 3222 reformatam
734 3169 768 3223 P.
807 3176 839 3225 17
860 3188 942 3226 curae
957 3178 983 3226 T.
1006 3188 1073 3224 cura
1088 3171 1120 3226 P.

106 3245 140 3297 19
159 3242 281 3296 crateres
300 3247 327 3296 T.
355 3243 466 3310 pateres
487 3240 521 3292 P.
580 3243 613 3293 21
634 3255 706 3307 quae
725 3247 753 3295 T.
773 3258 859 3309 quare
879 3243 913 3295 P.
971 3247 1005 3295 22
1024 3241 1120 3309 lapide

103 3328 154 3367 om.
177 3312 212 3368 P.
243 3311 437 3380 quadratoque
456 3317 484 3363 T.
510 3310 672 3378 quadroque
693 3311 727 3366 P.
791 3318 825 3366 23
844 3313 899 3383 ipsi
916 3330 982 3368 vero
1002 3312 1073 3381 Cyro
1092 3320 1119 3364 T.

103 3380 193 3451 ipsius
213 3400 279 3438 vero
296 3382 361 3453 Cyri
372 3384 407 3436 P.
443 3399 494 3452 pro
515 3380 702 3435 conditorium
716 3389 743 3436 T.
782 3389 816 3437 24
835 3402 850 3440 e
869 3400 919 3439 om.
931 3386 965 3437 P.
1003 3391 1037 3438 27
1056 3401 1120 3452 pro-

102 3456 167 3520 pter
176 3460 204 3508 T.
223 3455 337 3523 praeter
348 3454 381 3509 P.
403 3452 574 3508 evidentiam
584 3458 611 3506 T.
631 3451 775 3511 evidentia
787 3455 820 3508 P.
875 3460 910 3509 28
929 3454 1073 3511 cadaveris
1085 3455 1119 3509 P.

103 3524 211 3578 caveris
230 3527 346 3595 propter
363 3532 389 3580 T.
