2362 3938
96 197 135 252 vr
492 193 710 264 PRAEFATIO.

96 356 284 446 exsisterel)
308 361 339 423 at
363 357 447 423 diem
471 379 656 441 supremum
686 359 755 423 eius
780 354 969 444 celebraril)
994 358 1112 422 confir-

96 454 173 513 mat.
219 447 366 532 Denique
390 448 475 532 quod
498 443 651 511 Valerius
676 447 715 512 de
744 448 833 512 cultu
857 448 1012 531 anguium
1037 447 1112 510 Ale-

96 537 254 601 xandrino
282 536 397 601 tradit:
431 534 570 618 ‘elnsqne
596 555 662 601 neos
688 537 764 600 olrit
790 541 819 600 et
844 535 945 601 adbuc
972 534 1112 599 Aleaan·

95 627 186 690 drr'oe
220 627 381 708 rellplosns
417 631 461 690 est
491 625 547 690 snb
578 626 742 706 penotr'arn
778 626 903 688 deornrn
935 625 1049 688 honore
1085 629 1114 688 et

95 715 186 779 statis
217 716 321 780 dietas
353 719 457 780 snetns
488 713 546 778 ooli
576 732 660 777 neore
688 711 854 778 elnsnooll'
886 715 945 777 etc.
977 710 1020 796 (I,
1044 709 1112 798 29),

96 802 130 866 id
159 806 234 867 ante
263 804 425 868 saeculum
450 801 597 885 quintum
622 801 778 884 scriptum
802 822 872 865 esse
896 799 1004 866 Moses
1029 799 1112 865 Cho-

98 893 242 956 renensis
271 892 376 974 docet,
404 912 477 954 cum
504 889 596 953 illam
624 888 891 954 consuetudinem
920 911 979 953 sua
1005 893 1112 953 aetate

98 981 267 1044 evanuisse
285 975 466 1064 cessata-³).
507 976 635 1040 Dixerit
658 977 738 1060 quis,
762 999 801 1041 ex
825 978 881 1061 eis,
905 1000 987 1062 quae
1008 977 1112 1042 adhuc

99 1090 119 1131 a
141 1069 234 1132 nobis
258 1070 412 1150 congesta
436 1068 525 1148 sunt,
552 1065 637 1129 nihil
664 1065 775 1152 colligi
796 1087 907 1150 posse,
935 1065 1111 1150 propterea

99 1155 181 1240 quod
207 1155 315 1219 omnia
338 1175 389 1237 ea,
418 1153 535 1238 quibus
562 1174 622 1217 nos
651 1155 691 1218 ad
714 1159 862 1238 tempora
885 1152 963 1217 Iulii
987 1153 1112 1218 Valerii

97 1242 279 1307 definienda
298 1242 349 1305 usi
364 1242 475 1326 simus,
494 1263 532 1306 ex
551 1242 728 1326 archetypo
745 1241 866 1306 Graeco
886 1245 1017 1324 sumpta
1037 1244 1112 1308 sint.

96 1331 143 1394 At
165 1329 267 1395 lulius
287 1330 437 1395 Valerius
460 1351 525 1394 non
548 1329 595 1394 ita
619 1352 712 1395 suam
737 1330 774 1395 de
800 1329 984 1394 Alexandro
1008 1331 1111 1394 histo-

96 1418 179 1484 riam
203 1419 357 1504 confecit,
380 1422 417 1483 ut
439 1419 646 1504 verbotenus,
672 1441 753 1502 quae
777 1417 897 1482 Graece
921 1418 1054 1502 legeret,
1076 1420 1111 1481 in

97 1527 277 1573 sermonem
301 1508 455 1573 Latinum
477 1510 627 1573 verteret.
672 1507 787 1592 Itaque
811 1508 838 1571 si
862 1505 946 1591 apud
972 1528 1045 1570 eum
1069 1507 1111 1569 le·

99 1597 206 1681 gimus
235 1596 316 1662 ‘elas
343 1617 409 1663 raes
436 1597 512 1662 olvit
540 1595 655 1661 adbno’
680 1594 776 1662 ‘diern
803 1596 980 1661 etiamnunc
1006 1615 1110 1660 socra-

97 1687 252 1751 tissimam
269 1685 390 1752 bobent'
410 1685 537 1770 aliaque
558 1685 726 1771 eiusmodi,
745 1686 783 1749 de
802 1685 881 1769 ipsis
900 1683 975 1748 Iulii
989 1683 1112 1748 Valerii

96 1776 299 1860 temporibus
323 1775 466 1860 cogitare
488 1774 574 1840 licet.

187 1863 325 1930 Constat
359 1865 459 1950 igitur
494 1865 568 1928 ante
601 1862 778 1928 Theodosii
811 1865 961 1945 tempora
993 1860 1113 1926 Iulium

99 1952 267 2017 Valerium
292 1953 470 2037 scripsisse.
517 1951 580 2017 Sed
604 1953 796 2018 arctioribus
820 1951 938 2015 finibus
963 1954 1113 2033 tempora

98 2041 167 2105 eius
197 2042 520 2125 circumscripserunt
549 2062 622 2104 cum
652 2036 839 2125 Klugius4),
869 2041 939 2103 tum
970 2039 1112 2104 maxime

97 2127 201 2193 Iulius
226 2127 390 2215 Zacher⁵)·.
436 2128 481 2192 Hi
508 2128 594 2192 enim
618 2127 797 2192 docuerunt
825 2131 990 2192 auctorem
1015 2127 1113 2192 Itine-

97 2216 175 2280 rarii
194 2217 381 2300 Alexandri,
405 2237 498 2301 quem
523 2216 609 2279 inter
632 2236 735 2279 annos
759 2215 822 2280 341
849 2218 881 2279 et
906 2215 971 2280 345
992 2216 1113 2280 librum

97 2325 191 2368 suum
224 2302 398 2369 Constanti
430 2301 626 2387 Imperatori
660 2302 824 2368 dedicasse
857 2307 987 2370 constat
994 2357 1003 2389 ,
1037 2303 1113 2369 Iulii

96 2390 220 2456 Valerii
243 2393 382 2458 historia
409 2414 503 2456 usum
532 2412 611 2456 esse.
657 2390 727 2457 Nec
753 2396 864 2456 tamen
892 2397 968 2457 ante
993 2416 1112 2459 annum

95 2544 309 2554 -—-—-—-—

187 2638 213 2705 1)
232 2637 365 2707 Eripitar
392 2651 455 2706 erpo
482 2637 561 2691 aedes
587 2652 670 2705 qaam
699 2638 819 2692 noaino
846 2654 925 2706 opere
954 2640 992 2693 aa
1021 2640 1114 2693 instar

97 2708 199 2777 templi,
216 2708 288 2777 qaod
306 2708 464 2762 etiamnunc
482 2707 642 2762 Alexandri
658 2709 821 2763 nominatur
838 2707 886 2777 ΙΙΙ,
902 2713 946 2762 57.

186 2781 214 2848 2)
235 2778 332 2832 Obitus
350 2783 441 2833 antem
458 2778 518 2833 elas
536 2779 606 2833 diem
625 2779 707 2832 etiam
724 2795 799 2834 nnnc
812 2778 1006 2834 Alexandriae
1018 2794 1112 2832 sacra

97 2849 232 2906 tissimum
249 2850 349 2904 babent
367 2848 414 2917 ΙΙΙ,
430 2854 471 2904 60.

187 2921 215 2988 3)
234 2921 282 2975 Aa
299 2920 464 2991 otnpt-clno
482 2920 514 2974 de
531 2917 630 2988 Donpe'
652 2934 689 2974 on
711 2936 745 2974 ne
768 2920 867 2974 celebre
884 2921 954 2989 plna
977 2923 1042 2973 cette
1059 2917 1112 2984 sete

97 2994 225 3061 insonate,
245 3008 278 3047 en
292 2996 465 3047 corronnant
479 2991 524 3047 olea
538 2991 607 3046 cern
620 2991 653 3044 ole
667 2991 773 3060 cbarpe,
793 2991 912 3045 adorant
930 2992 977 3046 des
994 3005 1112 3056 serpens,

96 3064 268 3120 distribuant
293 3063 339 3119 oles
363 3061 484 3133 patenae
509 3063 562 3117 etc.
607 3060 732 3116 Histoire
758 3059 918 3117 d'Armenie
944 3077 997 3131 par
1022 3058 1111 3115 Motae

99 3133 134 3189 de
163 3134 307 3198 litoreus,
338 3135 425 3189 Texta
454 3136 484 3188 et
510 3131 672 3188 traduction
697 3131 835 3204 franpaise
863 3149 916 3202 par
943 3133 974 3186 P.
1002 3129 1033 3186 E.
1072 3130 1111 3183 Le

98 3204 224 3260 Vaillant
239 3205 273 3260 de
288 3203 421 3274 Florivab
440 3205 545 3260 Vened.
562 3209 640 3260 1841.
658 3201 735 3273 all,
753 3208 853 3274 p.171.
890 3203 926 3258 cf.
945 3203 1111 3268 Lumbroso‚

97 3273 228 3345 L’Egitlo
248 3276 276 3330 al
294 3279 390 3346 tempo
409 3275 455 3330 dei
474 3275 556 3330 Greci
574 3293 589 3330 e
607 3275 736 3339 Romani,
755 3275 835 3329 Rom.
856 3279 934 3342 1882,
952 3292 980 3343 p.
998 3277 1057 3328 139.

187 3349 215 3414 4)
235 3346 277 3402 Dc
296 3346 443 3402 Itinerario
462 3346 614 3401 Alexandri
632 3346 683 3413 M,
701 3344 891 3400 Vratislaviae
912 3349 991 3399 1861.

188 3421 215 3483 5)
233 3417 539 3486 Pseudocallisthenes‚
564 3417 765 3486 Forschungen
789 3433 838 3470 aur
859 3415 955 3470 Kritik
978 3415 1035 3469 und
1059 3412 1112 3468 Ge·

99 3484 226 3542 schiahte
246 3489 295 3542 der
313 3489 435 3543 altasten
454 3486 665 3557 Aufneichuung
684 3487 734 3542 der
752 3487 987 3556 Alexandersage.
1027 3485 1111 3540 Halle

100 3561 342 3628 manna
