2362 3938
128 189 193 253 114
466 186 495 242 c.
513 185 652 242 vanum
670 185 800 242 renccl

127 337 273 416 corripuit
297 335 445 414 fregitque
469 337 584 395 animos
607 334 702 413 adque
726 333 847 395 abstulit
869 333 953 398 iras?
1121 415 1123 419 ,

126 434 178 487 ant
199 443 318 484 mecum
341 423 482 503 mediam,
504 425 645 504 iuuenes,
668 424 745 510 agite
769 425 810 497 ite
834 442 888 503 per
911 425 1004 507 urbis
1091 437 1133 503 igi

127 513 353 592 Argolicamque
377 530 497 573 manum
525 520 576 572 aut
598 514 675 573 caris
698 509 867 582 occumbite
889 510 989 596 natis?

128 605 171 664 sic
195 603 268 663 furit
291 609 322 661 et
344 603 455 681 patrias
479 602 594 680 coeptis
618 600 700 661 ierus
723 599 848 661 aduocat
871 601 1008 679 umbras:

128 686 242 751 ‘sancte
265 689 338 750 mihi
360 688 487 769 Vorapte
511 695 609 770 pater,
632 696 683 750 tua
705 697 829 768 pectora
850 697 920 750 nato

129 797 255 859 suggere
279 796 359 839 nunc
383 779 570 856 animamque
593 795 709 857 parem,
732 778 758 837 si
781 777 839 838 iata
861 796 971 856 peroso

128 868 213 928 tarda
235 865 289 928 tibi
312 874 476 946 turpesque
500 884 598 926 moras
621 883 682 926 non
706 867 827 944 segnius
849 867 908 944 ipsi
1094 881 1140 934 teo

128 957 282 1036 paruimus
303 956 449 1035 paruique
473 954 576 1015 eadem
599 953 729 1014 didicere
752 949 897 1034 nepotes'.

10 1118 19 1128 ἡ
129 1044 202 1105 haec
226 1046 279 1123 ait,
303 1043 480 1122 auditusque
504 1041 611 1117 Erebo.
657 1049 729 1104 tunc
753 1044 878 1122 corripit
900 1061 1010 1126 ensem

130 1131 268 1192 turbidus
292 1138 322 1191 et
343 1131 431 1191 iuriis
454 1131 562 1193 ardens
586 1133 681 1209 quatit
704 1148 784 1204 arma
806 1134 948 1210 paternis.

128 1220 276 1298 indigenis
300 1226 433 1278 sacratus
456 1220 541 1298 aquis
564 1220 722 1302 magnique
746 1216 884 1289 sacerdos

129 1306 264 1367 Phasidis
287 1305 403 1366 Arctois
429 1305 553 1386 Aquites
576 1306 695 1383 errabat
717 1310 749 1368 in
772 1309 863 1379 armis
1096 1320 1145 1384 aaa,

129 1389 290 1477 (populeus
313 1396 362 1454 eui
384 1395 492 1456 frontis
514 1394 611 1455 honor
634 1404 830 1475 contectaque
853 1395 957 1476 glauco

130 1493 265 1564 tempora
287 1490 450 1545 nectuntur
472 1478 580 1567 ramo),
603 1492 647 1566 te,
671 1483 779 1567 Cyrno,
800 1478 941 1569 parentis.

130 1576 335 1634 immemorem
358 1572 450 1634 durae
474 1574 598 1653 cupiens
623 1572 771 1635 abducere
794 1591 925 1659 pugnac;

130 1665 248 1741 iamque
272 1680 375 1722 omnes
398 1665 510 1742 inpune
533 1660 636 1740 globos
659 1661 838 1740 diuersaque
861 1657 993 1735 lustrans

131 1753 246 1829 agmina
269 1768 329 1810 non
343 1768 470 1830 usquam
491 1749 583 1811 uidet.
611 1758 704 1829 utque
718 1752 829 1811 iterum
847 1752 945 1813 acrior
968 1753 1065 1830 instat,
1093 1765 1150 1825 aoq

131 1839 312 1919 uociferans,
335 1840 446 1899 iterum
468 1838 538 1899 belli
561 1837 680 1918 diuersa
702 1846 849 1921 peragrat,

130 1927 232 1987 lancea
255 1927 407 1987 caeruleas
430 1929 544 2001 circum
567 1916 673 2007 strepit
695 1928 786 2002 incita
808 1928 906 2000 uittas.

111 2015 273 2096 'opprimit
296 2013 432 2076 admissis
456 2016 538 2076 ferus
561 2014 631 2074 hine
654 2013 806 2089 Gesander
827 2014 961 2077 habenis.

130 2104 180 2164 ille
204 2122 324 2164 manum
347 2103 503 2183 trepidans
523 2104 618 2182 adque
641 2105 740 2178 inrita
754 2122 837 2165 saera
859 2103 988 2178 tetendit

133 2188 187 2252 ‘te'
203 2211 260 2271 que
285 2187 351 2269 ‘per
374 2192 450 2252 hanc
474 2187 603 2270 genitor'
625 2194 723 2270 inquit
746 2187 812 2253 ‘tibi
835 2194 861 2252 si
883 2200 994 2275 manet,
1017 2212 1071 2255 oro
1095 2203 1145 2260 toi

132 2283 285 2362 canitiem,
310 2299 458 2361 conpesce⁸
479 2282 575 2349 minas
599 2288 629 2341 et
652 2279 748 2348 sicubi
771 2289 839 2343 nato

131 2387 220 2449 parce
240 2364 332 2432 ‚meo'
378 2369 459 2430 dixit.
506 2377 609 2438 eontra
633 2370 676 2429 sic
698 2370 796 2429 uictor
819 2367 922 2448 adacto

132 2474 203 2516 ense
226 2457 333 2517 refert:
358 2452 501 2538 genitor,
524 2459 605 2537 turpi
629 2456 737 2518 durare
761 2464 879 2540 senecta

131 2561 221 2622 quem
244 2544 316 2603 mihi
338 2547 415 2603 reris
439 2543 549 2625 adhuc,
572 2548 636 2625 ipse
659 2545 714 2606 hac
737 2544 916 2625 occumbere
940 2546 1057 2621 dextra,

131 2631 234 2691 maluit
257 2630 352 2709 adque
371 2630 450 2703 ultro
474 2651 581 2711 segnes
604 2633 782 2713 abrumpere
805 2634 907 2696 metas.
1094 2647 1148 2710 310,

132 2728 162 2779 et
185 2719 239 2779 tibi
263 2721 288 2778 si
310 2720 404 2799 pietas
428 2723 504 2802 nati,
528 2724 553 2780 si
576 2721 681 2782 dextra
703 2723 821 2804 fuisset,

131 2808 203 2869 haut
226 2807 319 2880 medii,
338 2809 478 2888 precibus
501 2816 616 2880 tereres
639 2829 719 2884 nunc
742 2818 877 2891 tempora
899 2810 979 2893 belli,

131 2897 241 2975 praeda
264 2898 365 2958 future
389 2916 503 2958 canum.
550 2900 653 2961 iuueni
676 2917 741 2960 sors
763 2898 917 2978 pulchrior
941 2895 1053 2975 oannis:

132 2994 162 3045 et
186 2994 316 3046 certasse
340 3004 428 3047 manu
453 2987 539 3049 decet
562 2994 592 3048 et
615 2990 748 3049 caruisse
771 2982 951 3068 sepulchro?

132 3072 260 3155 dixeraq
283 3074 333 3134 ille
356 3074 428 3135 deos
451 3077 583 3136 moriens
607 3075 780 3154 caelumque
803 3083 953 3158 precatur,
1019 3127 1027 3133 .
1097 3088 1149 3139 315

132 3161 254 3222 dextera
277 3180 314 3222 ne
339 3165 449 3224 misero
471 3164 539 3224 talis
562 3165 641 3224 foret
664 3163 753 3225 obuia
776 3173 854 3226 nato.

177 3249 219 3311 'le
243 3269 376 3332 qnoque,
400 3249 526 3332 Centho,
549 3255 593 3311 tui
616 3270 677 3312 non
700 3254 795 3316 inscia
816 3254 930 3319 funeris
953 3252 1033 3334 drgo

20 3397 32 3404 ,
131 3335 216 3396 ileuit
239 3337 274 3397 ah
298 3340 393 3398 inuita
415 3340 581 3419 rapientem
602 3340 661 3403 tela
684 3343 795 3420 carina,

132 3424 191 3482 iarn
215 3424 370 3505 Scythicos
393 3426 560 3488 miserande
584 3429 681 3508 sinus,
703 3430 769 3494 iam¹
784 3425 919 3492 Phasidis
942 3446 1061 3509 amnem

131 3509 314 3592 conligerem,
337 3532 393 3583 nec
415 3510 503 3600 longa
525 3514 603 3596 dieS,
625 3523 659 3576 ut
682 3509 767 3594 capta
790 3510 910 3574 uideres
1096 3531 1153 3602 aaa
