2362 3938
286 237 291 246 “
356 230 648 296 ARGONAUTICON
665 238 775 295 LIBER
791 240 839 295 IV.
1058 243 1101 307 83

88 396 119 448 et
141 383 247 466 trahit;
269 387 438 464 insequitur
455 379 608 448 ¹flammata
628 387 743 466 pudore
766 390 916 451 iuuentus.

87 474 168 537 unda
189 472 359 534 laborantes
381 491 525 554 praeceps
548 483 627 535 rotat
649 494 682 536 ac
705 476 775 555 iuga
797 480 881 556 ponti

87 563 190 644 obuia3
213 564 378 623 miscentur
400 580 506 644 rupes,
529 566 647 642 iamque
670 582 799 643 aequore
823 572 885 626 toto

88 652 313 732 Cyaneaeiuga
334 653 513 732 praecipites
535 651 621 712 inhsa
644 654 809 714 remittunt.

87 740 133 802 bis
157 740 257 819 fragor
280 739 403 800 infestas
427 746 528 801 cautes
551 741 735 820 aduersaque
760 743 840 802 saxis

87 847 157 890 saxa
180 828 274 909 dedit,
296 824 411 888 flamma
435 846 576 906 expresso
598 827 644 889 his
667 829 751 890 fulsit
772 832 804 890 iu
826 829 923 891 imbri.

87 920 166 980 sicut
189 915 352 977 multifidus
375 918 473 995 ruptis
496 935 513 976 e
536 916 666 978 nubibus
688 917 797 978 horror

88 1007 193 1086 elingit
215 1013 246 1066 et
263 1003 403 1066 tenebras
421 1004 598 1084 nimbosque
621 1008 791 1068 intermicat
812 1009 890 1085 ignis

88 1095 272 1172 terrificique
295 1101 388 1154 ruunt
411 1095 542 1154 tonitrus
565 1093 695 1173 ehsaque
718 1102 837 1156 noctem

87 1181 139 1244 lux
162 1182 288 1264 dirimit,
310 1199 405 1262 pauor
427 1199 480 1241 ora
502 1184 615 1263 uirum,
637 1201 732 1261 pauor
755 1192 882 1262 occupat
904 1192 1000 1245 artus:

87 1269 167 1332 haud
190 1288 277 1331 secus
299 1269 435 1348 impleuit
457 1277 583 1349 pontum
605 1270 718 1352 fragor3
741 1271 837 1332 effluit
859 1271 956 1332 imber

87 1376 230 1439 spumeus
253 1365 285 1419 et
306 1375 411 1437 magno
434 1376 565 1438 puppem
587 1358 693 1437 procul
715 1378 844 1438 aequore
867 1362 969 1421 uestit.

50 1495 58 1501 ,
132 1447 298 1508 Aduertere
321 1447 370 1507 dei
393 1445 546 1526 defixaque
570 1446 681 1507 lumina
703 1456 805 1529 ponto,

88 1535 159 1614 quid
182 1535 314 1614 scopulis
335 1534 490 1616 praeclusa
513 1537 598 1617 ratis,
622 1534 694 1613 quid
717 1534 790 1595 dura
813 1537 955 1596 iuuentus

88 1622 237 1703 expediat,
259 1623 358 1683 feruet
380 1625 493 1701 magnis
517 1624 602 1683 fauor
625 1631 709 1683 ortus
732 1622 769 1683 ab
793 1624 881 1683 ausis.

86 1714 182 1793 prima
205 1713 376 1772 coruscanti
399 1713 517 1790 signum
538 1711 621 1771 dedit
643 1711 745 1790 aegide
768 1713 853 1790 uirgo

86 1799 259 1861 immineam
280 1799 406 1860 iaculata
427 1800 530 1860 lacem.
576 1798 700 1859 uixdum
722 1797 814 1859 ardua
836 1805 939 1858 cautes

88 1895 232 1969 cesserat,
253 1886 303 1948 illa
326 1886 430 1948 uolans
453 1888 536 1948 tenni
558 1906 613 1965 per
637 1889 753 1948 concita
776 1903 845 1947 saxa

87 1975 153 2037 luce
177 1976 267 2057 fugit,
290 1975 407 2036 rediere
431 1977 506 2036 uiris
530 1977 678 2054 animique
702 1993 876 2054 manusque,

87 2071 122 2126 ut
143 2063 247 2125 uidere
270 2066 358 2124 uiam
404 2055 539 2144 sequor,
563 2082 580 2122 o
604 2065 784 2143 quicumque
808 2056 944 2122 deorum'

87 2151 249 2213 Aesonides
273 2146 355 2212 ‘ciet'
378 2151 454 2213 altus
477 2154 530 2234 ait,
552 2170 755 2231 praecepsque
778 2152 911 2229 fragores

86 2259 142 2319 per
163 2239 277 2301 medios
300 2241 361 2301 ruit
384 2248 415 2300 et
437 2241 518 2300 fumo
542 2257 574 2300 se
598 2239 730 2300 condidit
752 2247 825 2299 atro.

87 2336 227 2408 coeperat
249 2327 319 2388 hinc
343 2327 452 2388 cedens
476 2328 612 2390 abductis
635 2326 785 2389 montibus
808 2326 888 2386 unda

87 2417 167 2477 serre
190 2424 287 2476 ratem
308 2415 472 2495 pelagoque
496 2417 559 2478 dies
583 2434 742 2476 occurrere
767 2422 878 2494 aperto.
939 2477 944 2484 ,

87 2504 141 2565 sed
162 2522 261 2584 neque
284 2507 438 2583 permissis
460 2506 519 2566 iam
541 2504 666 2565 sundere
690 2512 790 2565 rector
813 2502 937 2564 habenis

84 2591 166 2674 uela,
189 2609 245 2653 nee
270 2595 342 2653 eniti
364 2595 456 2653 remis
478 2601 561 2671 pote:
585 2612 653 2655 cum
676 2611 767 2672 super
790 2592 900 2653 adsunt
1013 2650 1017 2658 ,
1049 2603 1101 2655 680

86 2679 234 2759 Cyaneae:
257 2682 366 2759 premit
388 2680 468 2742 tenda
490 2688 586 2742 ratem
609 2681 783 2761 scopulique
808 2682 948 2742 feruntur

84 2770 262 2830 comminus.
308 2768 356 2830 hic
378 2769 453 2830 luno
475 2788 677 2850 praecepsque
702 2789 739 2830 ex
761 2768 881 2830 aethere
904 2768 999 2830 Pallas

82 2855 223 2918 insiliunt
244 2858 356 2938 pariter
379 2857 531 2936 scopulos:
554 2857 634 2920 horne
658 2866 725 2918 nata
748 2865 876 2938 coercet,

82 2944 167 3006 hunc
191 2946 322 3019 coniunx
344 2945 437 3026 louis3
460 2953 496 3006 ut
518 2946 615 3007 ualido
640 2948 690 3024 qui
715 2944 823 3004 robore
846 2952 948 3004 tauros

81 3031 142 3094 sub
164 3035 234 3112 iuga
257 3040 289 3094 et
309 3035 404 3093 inuito
423 3034 582 3113 detorquet
605 3038 636 3094 in
658 3033 707 3092 ilia
731 3049 833 3091 cornu.
1047 3040 1099 3091 685

80 3119 167 3203 inde,
190 3121 277 3183 uelut
298 3124 404 3182 mixtas
427 3121 586 3183 Vulcanius
610 3121 698 3182 ardor
720 3120 823 3179 ahenis

80 3216 189 3270 uerset
210 3227 316 3291 aquas,
339 3211 462 3270 sicima
485 3211 630 3292 fremunt,
651 3209 805 3287 fluctuque
828 3214 930 3267 coacto

80 3299 203 3376 angitur
227 3305 259 3359 et
281 3296 415 3359 clausum
437 3299 574 3378 scopulos
598 3316 688 3378 super
712 3296 806 3357 eliluit
829 3313 947 3374 aequor.

79 3393 189 3448 contra
212 3403 317 3446 omnes
339 3386 446 3447 ualidis
469 3390 552 3447 tenui
575 3387 746 3448 discrimine
769 3386 859 3444 remis

76 3491 209 3555 pergere
233 3476 292 3535 iter
314 3475 487 3554 mediosque
511 3484 605 3536 ratem
628 3475 791 3536 transferre
814 3491 869 3552 per
891 3473 983 3554 ictus3
1046 3482 1099 3532 690

78 3581 152 3625 saxa
175 3562 230 3625 sed
255 3565 396 3624 extremis
419 3572 519 3625 tamen
542 3567 719 3646 increpuere
744 3560 903 3644 corymbis,

863 3661 902 3718 Q!
