2362 3938
352 110 643 167 ARGONAUTIOON
661 112 771 167 LIBER
788 115 822 168 Π.
1051 111 1095 176 29

78 270 207 345 occupat
230 278 354 323 exesam·
372 263 453 323 curis
476 269 650 340 castumque
675 260 771 322 cubile

78 360 264 415 seruantem:
288 358 388 412 manet
410 351 458 411 illa
481 353 547 411 uiro
570 351 753 429 famulasque
777 351 879 430 fatigat

78 440 257 520 uellerihuS,
280 439 358 500 tardi
381 448 522 520 reputant
544 457 620 517 quae
643 447 777 519 tempora
800 439 870 500 helii

78 539 148 591 ante
172 538 272 590 toraun
295 537 326 589 et
348 528 436 608 longo
460 527 592 590 mulcent
615 530 761 589 insomnia
783 546 900 608 penso.=
942 575 946 580 .
1045 539 1096 589 140

78 620 149 680 huic
173 618 228 678 dea
251 636 321 678 cum
343 617 473 677 lacrimis
497 625 527 677 et
549 625 620 678 nota
643 636 718 677 uoce
742 616 873 678 Neaerae

79 710 138 768 icta
162 725 253 786 genas
277 702 403 767 ‘utinam
426 723 486 765 uon
509 706 558 766 hic
581 705 636 766 tihi
659 709 783 767 nuntius
805 723 912 786 essem,

79 814 97 855 o
122 813 222 876 soror,
245 802 296 855 aut
319 789 452 854 nostros'
475 796 572 873 inquit
596 790 691 874 ‘prius
714 795 793 855 unda
816 795 935 855 dolores

80 883 201 964 obruat,
224 885 256 943 in
279 883 330 944 tali
353 885 493 961 quoniam
516 881 570 943 tibi
594 891 728 962 tempore
753 885 883 944 coniunx

80 975 124 1033 sic
147 973 286 1052 meritae,
309 973 389 1031 uotis
412 989 502 1050 quem
523 979 557 1031 tu
581 970 713 1049 fletuque
736 975 876 1053 requiris,
1045 981 1096 1032 145

79 1059 139 1120 heu
162 1060 236 1120 furit
258 1068 288 1119 et
311 1067 413 1138 captae
431 1060 558 1138 indigno
582 1061 751 1121 stimulatur
774 1079 883 1122 amore.

79 1151 199 1227 iamque
221 1149 349 1208 aderunt
371 1147 567 1227 thalamisque
591 1151 651 1209 tuis
675 1149 814 1210 Threissa
837 1151 1018 1229 propinquat

80 1256 142 1297 non
165 1238 273 1318 forma,
297 1255 357 1296 non
380 1243 444 1296 arte
469 1236 565 1317 solue,
588 1255 648 1296 non
671 1236 757 1298 laude
780 1239 904 1318 pudon's

80 1343 135 1406 par
160 1325 214 1385 tihi
237 1343 293 1385 nec
316 1326 415 1403 magni
437 1324 537 1404 proles
560 1325 711 1405 praeclara
735 1325 861 1407 Dorycli,

79 1416 160 1494 picta
183 1431 288 1474 manus
312 1423 440 1490 ustoque
463 1413 561 1492 placet
584 1414 636 1474 sed
659 1413 784 1474 barbara
806 1422 917 1474 mento.
1044 1423 1097 1474 150

79 1520 113 1563 ac
138 1511 237 1564 tamen
259 1501 314 1562 hos
337 1501 402 1561 aliis
425 1503 525 1562 lorsan
549 1502 683 1563 solabere
708 1520 794 1562 casus

80 1600 112 1651 tu
137 1589 272 1652 thalamis
294 1590 415 1670 latoque
438 1590 520 1670 leges
542 1591 664 1651 mehore
687 1598 831 1670 penates3'

81 1698 127 1741 me
151 1687 203 1740 tua
225 1681 329 1740 matris
352 1697 444 1758 egens
467 1678 663 1757 damnataque
686 1678 798 1758 paelice
821 1677 921 1759 pr'oles

81 1771 241 1850 exanimat,
265 1769 434 1848 quantiam
457 1770 583 1829 miseros
606 1776 778 1829 transuersa
802 1776 936 1828 tuentem

81 1855 243 1935 letalesque
267 1856 357 1936 dapes
379 1856 548 1935 infectaque
572 1857 678 1936 pocula
702 1875 801 1917 cerno.
1045 1862 1096 1914 1⁶5

81 1947 140 2006 scis
164 1944 259 2006 simile
283 1953 317 2005 ut
339 1945 465 2005 [lammis
488 1948 581 2005 simus
604 1964 711 2025 geuus;
735 1945 808 2006 adde
834 1943 967 2005 cruentis

82 2032 161 2112 quod
185 2036 316 2114 patrium
339 2035 455 2094 saeuire
479 2032 577 2095 Dahis,
622 2036 681 2094 iam
703 2034 778 2094 lacte
802 2034 908 2112 lerino,

81 2123 140 2182 iam
162 2123 266 2183 ueniet
288 2121 393 2182 durata
416 2122 494 2201 gelu.
540 2123 593 2183 sed
616 2141 663 2183 me
688 2141 806 2202 quoque
830 2121 946 2202 pulsam

82 2210 158 2271 lama
181 2213 262 2291 uiro,
285 2219 464 2289 nostrosque
488 2220 571 2272 toros
594 2213 708 2290 uirgata
731 2209 844 2271 tenebit

82 2306 113 2358 et
133 2298 269 2378 plaustro
293 2300 416 2379 derepta
439 2295 555 2361 nurus’
601 2301 644 2360 sic
668 2301 727 2360 lata
750 2299 897 2378 querellas
1046 2308 1098 2358 160

82 2385 208 2449 abscidit
231 2397 262 2448 et
284 2391 366 2448 curis
389 2388 526 2467 pauidam
548 2389 736 2468 lacrimisque
760 2389 911 2467 relinquit.

81 2479 190 2537 transit
212 2477 248 2536 ad
271 2476 419 2555 lphinoen
442 2476 596 2556 isdemque
619 2477 809 2557 Amythaonis
831 2477 935 2557 implet

82 2563 241 2643 Oleniique
263 2566 385 2626 domum
408 2566 507 2645 iuriis3
531 2573 623 2627 totam
645 2566 714 2626 inde
737 2585 792 2646 per
815 2566 921 2627 urbem

81 2661 236 2734 personat,
258 2661 293 2714 ut
316 2661 438 2715 cunctas
461 2657 573 2733 agitent
594 2655 743 2734 expellere
767 2653 888 2734 Lemno,

81 2742 138 2820 ipsi
163 2741 268 2802 urbem
292 2742 516 2820 Thraessaeque
539 2752 651 2822 regant.
684 2743 768 2803 dolor
791 2745 895 2821 iraque
918 2743 1022 2820 surgit.
1048 2750 1099 2801 165

81 2827 171 2891 obuia
194 2848 330 2909 quaeque
355 2831 457 2892 eadem
479 2830 629 2910 traditque
653 2832 807 2910 auditque,
831 2848 928 2908 nequae
951 2829 1004 2890 ulli

82 2936 159 2979 uana
182 2919 265 2980 fides,
311 2927 375 2980 tum
398 2937 474 2980 uoce
497 2920 582 3001 deos,
605 2928 669 2980 tum
693 2918 848 2997 questibus
871 2916 1005 2996 implent,

81 3005 185 3068 oscula
207 3009 326 3086 iamque
349 3009 424 3069 toris
448 3008 543 3087 adque
567 3009 668 3068 oscula
690 3006 826 3085 postibus
849 3008 922 3084 ipsis

80 3096 267 3175 ingeminant
289 3095 477 3176 lacrimisque
501 3100 611 3158 iterum
634 3097 761 3174 uisuque
785 3103 948 3155 morantur.

79 3183 243 3263 prosiliunt
265 3203 321 3245 nec
345 3191 423 3245 tecta
445 3187 546 3246 uirum
569 3185 771 3264 thalamosque
795 3184 932 3242 reuisunt
955 3246 962 3258 ⁴
1046 3191 1098 3243 1⁷0

80 3271 225 3353 amplius3
249 3272 452 3351 adglomerant
475 3291 540 3334 sese
564 3273 713 3352 nudisque
737 3270 793 3332 suh
817 3273 905 3331 astris

79 3359 252 3435 condensae
275 3361 364 3422 fletus
387 3370 499 3422 acuunt
521 3380 555 3422 ac
578 3361 643 3422 dira
664 3368 826 3441 precantur

78 3449 222 3528 coniugia
245 3458 276 3511 et
299 3449 415 3529 Stygias
437 3450 557 3511 infanda
580 3451 616 3511 ad
640 3450 760 3511 foedera
783 3448 891 3510 taedas.
