<?xml version="1.0" encoding="UTF-8"?>
<!DOCTYPE html PUBLIC "-//W3C//DTD XHTML 1.0 Transitional//EN"
    "http://www.w3.org/TR/xhtml1/DTD/xhtml1-transitional.dtd">
<html xmlns="http://www.w3.org/1999/xhtml" xml:lang="en" lang="en">
 <head>
  <title>
</title>
<meta http-equiv="Content-Type" content="text/html;charset=utf-8" />
  <meta name='ocr-system' content='tesseract 3.04.00' />
  <meta name='ocr-capabilities' content='ocr_page ocr_carea ocr_par ocr_line ocrx_word'/>
</head>
<body>
  <div class='ocr_page' id='page_1' title='image "./domitiivlpianiq00huscgoog/domitiivlpianiq00huscgoog_0266.png"; bbox 0 0 2376 3938; ppageno 0'>
   <div class='ocr_carea' id='block_1_1' title="bbox 387 183 1076 250">
    <p class='ocr_par' dir='ltr' id='par_1_1' title="bbox 387 183 1076 250">
     <span class='ocr_line' id='line_1_1' title="bbox 387 183 1076 250; baseline 0.017 -12"><span class='ocrx_word' id='word_1_1' title='bbox 387 183 517 238; x_wconf 82' lang='lat' dir='ltr'>OBITUS</span> <span class='ocrx_word' id='word_1_2' title='bbox 535 184 758 239; x_wconf 84' lang='lat' dir='ltr'><strong>ALEXANDRI.</strong></span> <span class='ocrx_word' id='word_1_3' title='bbox 1013 184 1076 250; x_wconf 82' lang='lat'>143</span> 
     </span>
    </p>
   </div>
   <div class='ocr_carea' id='block_1_2' title="bbox 56 343 1132 2999">
    <p class='ocr_par' dir='ltr' id='par_1_2' title="bbox 56 343 1132 2999">
     <span class='ocr_line' id='line_1_2' title="bbox 66 343 1076 433; baseline 0.004 -24"><span class='ocrx_word' id='word_1_4' title='bbox 66 347 175 410; x_wconf 87' lang='lat' dir='ltr'>aetate</span> <span class='ocrx_word' id='word_1_5' title='bbox 199 345 397 427; x_wconf 83' lang='lat' dir='ltr'>veneranda,</span> <span class='ocrx_word' id='word_1_6' title='bbox 425 350 462 409; x_wconf 86' lang='lat' dir='ltr'>ut</span> <span class='ocrx_word' id='word_1_7' title='bbox 484 343 669 410; x_wconf 83' lang='lat' dir='ltr'>Alexandro</span> <span class='ocrx_word' id='word_1_8' title='bbox 695 347 879 411; x_wconf 79' lang='lat' dir='ltr'><strong>recordanti</strong></span> <span class='ocrx_word' id='word_1_9' title='bbox 901 348 942 412; x_wconf 87' lang='lat' dir='ltr'>ad</span> <span class='ocrx_word' id='word_1_10' title='bbox 965 348 1076 433; x_wconf 88' lang='lat' dir='ltr'>Olym-</span> 
     </span>
     <span class='ocr_line' id='line_1_3' title="bbox 62 434 1073 521; baseline 0.006 -24"><span class='ocrx_word' id='word_1_11' title='bbox 62 434 197 517; x_wconf 90' lang='lat' dir='ltr'>piadam</span> <span class='ocrx_word' id='word_1_12' title='bbox 216 436 355 497; x_wconf 90' lang='lat' dir='ltr'>matrem</span> <span class='ocrx_word' id='word_1_13' title='bbox 375 435 442 498; x_wconf 91' lang='lat' dir='ltr'>eius</span> <span class='ocrx_word' id='word_1_14' title='bbox 458 434 642 498; x_wconf 88' lang='lat' dir='ltr'>aestimatio</span> <span class='ocrx_word' id='word_1_15' title='bbox 658 435 854 515; x_wconf 86' lang='lat' dir='ltr'>conveniret,</span> <span class='ocrx_word' id='word_1_16' title='bbox 872 436 962 502; x_wconf 92' lang='lat' dir='ltr'>dedit</span> <span class='ocrx_word' id='word_1_17' title='bbox 983 460 1073 521; x_wconf 91' lang='lat' dir='ltr'>pror-</span> 
     </span>
     <span class='ocr_line' id='line_1_4' title="bbox 62 522 1074 605; baseline 0.006 -19"><span class='ocrx_word' id='word_1_18' title='bbox 62 544 117 586; x_wconf 90' lang='lat' dir='ltr'>sus</span> <span class='ocrx_word' id='word_1_19' title='bbox 158 522 233 586; x_wconf 90' lang='lat' dir='ltr'>sciri</span> <span class='ocrx_word' id='word_1_20' title='bbox 271 543 341 586; x_wconf 89' lang='lat' dir='ltr'>sese</span> <span class='ocrx_word' id='word_1_21' title='bbox 379 526 412 586; x_wconf 99' lang='grc' dir='ltr'><strong>εὴ</strong></span> <span class='ocrx_word' id='word_1_22' title='bbox 449 523 647 605; x_wconf 85' lang='lat' dir='ltr'>opulentiam</span> <span class='ocrx_word' id='word_1_23' title='bbox 684 545 783 587; x_wconf 85' lang='lat' dir='ltr'>suam.</span> <span class='ocrx_word' id='word_1_24' title='bbox 837 523 962 589; x_wconf 90' lang='lat' dir='ltr'>Domus</span> <span class='ocrx_word' id='word_1_25' title='bbox 998 549 1074 592; x_wconf 86' lang='lat' dir='ltr'>vero</span> 
     </span>
     <span class='ocr_line' id='line_1_5' title="bbox 62 611 1075 698; baseline 0.004 -23"><span class='ocrx_word' id='word_1_26' title='bbox 62 611 195 695; x_wconf 87' lang='lat' dir='ltr'>egregio</span> <span class='ocrx_word' id='word_1_27' title='bbox 219 631 315 693; x_wconf 91' lang='lat' dir='ltr'>opere</span> <span class='ocrx_word' id='word_1_28' title='bbox 335 611 502 676; x_wconf 86' lang='lat' dir='ltr'>elaborata</span> <span class='ocrx_word' id='word_1_29' title='bbox 520 611 634 695; x_wconf 83' lang='lat' dir='ltr'>hisque</span> <span class='ocrx_word' id='word_1_30' title='bbox 652 612 793 676; x_wconf 90' lang='lat' dir='ltr'>metallis</span> <span class='ocrx_word' id='word_1_31' title='bbox 815 612 972 697; x_wconf 88' lang='lat' dir='ltr'>insignita</span> <span class='ocrx_word' id='word_1_32' title='bbox 995 619 1075 698; x_wconf 85' lang='lat' dir='ltr'>erat,</span> 
     </span>
     <span class='ocr_line' id='line_1_6' title="bbox 59 699 1101 783; baseline 0.004 -19"><span class='ocrx_word' id='word_1_33' title='bbox 59 703 98 765; x_wconf 90' lang='lat' dir='ltr'>ut</span> <span class='ocrx_word' id='word_1_34' title='bbox 124 699 329 763; x_wconf 91' lang='lat' dir='ltr'>intuentibus</span> <span class='ocrx_word' id='word_1_35' title='bbox 358 699 512 782; x_wconf 85' lang='lat' dir='ltr'>splendor</span> <span class='ocrx_word' id='word_1_36' title='bbox 539 702 673 763; x_wconf 90' lang='lat' dir='ltr'>ornatus</span> <span class='ocrx_word' id='word_1_37' title='bbox 702 701 825 783; x_wconf 87' lang='lat' dir='ltr'>pariter</span> <span class='ocrx_word' id='word_1_38' title='bbox 855 704 888 765; x_wconf 91' lang='lat' dir='ltr'>et</span> <span class='ocrx_word' id='word_1_39' title='bbox 917 702 1101 769; x_wconf 78' lang='lat' dir='ltr'>celsitudos</span> 
     </span>
     <span class='ocr_line' id='line_1_7' title="bbox 60 787 1074 872; baseline 0.004 -20"><span class='ocrx_word' id='word_1_40' title='bbox 60 787 239 852; x_wconf 87' lang='lat' dir='ltr'>moliminis</span> <span class='ocrx_word' id='word_1_41' title='bbox 263 787 403 871; x_wconf 91' lang='lat' dir='ltr'>undique</span> <span class='ocrx_word' id='word_1_42' title='bbox 427 788 507 852; x_wconf 91' lang='lat' dir='ltr'>sudo</span> <span class='ocrx_word' id='word_1_43' title='bbox 526 788 667 871; x_wconf 89' lang='lat' dir='ltr'>quodam</span> <span class='ocrx_word' id='word_1_44' title='bbox 692 792 725 852; x_wconf 95' lang='grc' dir='ltr'><strong>εὴ</strong></span> <span class='ocrx_word' id='word_1_45' title='bbox 747 790 861 872; x_wconf 88' lang='lat' dir='ltr'>ignoto</span> <span class='ocrx_word' id='word_1_46' title='bbox 881 790 1002 855; x_wconf 92' lang='lat' dir='ltr'>lumine</span> <span class='ocrx_word' id='word_1_47' title='bbox 1021 813 1074 856; x_wconf 87' lang='lat' dir='ltr'>co-</span> 
     </span>
     <span class='ocr_line' id='line_1_8' title="bbox 59 875 1073 962; baseline 0.004 -22"><span class='ocrx_word' id='word_1_48' title='bbox 59 880 221 958; x_wconf 89' lang='lat' dir='ltr'>ruscaret,</span> <span class='ocrx_word' id='word_1_49' title='bbox 248 875 330 940; x_wconf 93' lang='lat' dir='ltr'>nihil</span> <span class='ocrx_word' id='word_1_50' title='bbox 357 877 393 939; x_wconf 89' lang='lat' dir='ltr'>in</span> <span class='ocrx_word' id='word_1_51' title='bbox 417 897 488 940; x_wconf 89' lang='lat' dir='ltr'>sese</span> <span class='ocrx_word' id='word_1_52' title='bbox 511 876 621 959; x_wconf 82' lang='lat' dir='ltr'>dispar</span> <span class='ocrx_word' id='word_1_53' title='bbox 649 882 706 941; x_wconf 88' lang='lat' dir='ltr'>aut</span> <span class='ocrx_word' id='word_1_54' title='bbox 729 878 872 943; x_wconf 85' lang='lat' dir='ltr'>alienum</span> <span class='ocrx_word' id='word_1_55' title='bbox 894 880 1073 962; x_wconf 89' lang='lat' dir='ltr'>possidens.</span> 
     </span>
     <span class='ocr_line' id='line_1_9' title="bbox 59 964 1074 1052; baseline 0.002 -22"><span class='ocrx_word' id='word_1_56' title='bbox 59 964 299 1049; x_wconf 82' lang='lat' dir='ltr'>Usquequaque</span> <span class='ocrx_word' id='word_1_57' title='bbox 323 965 475 1029; x_wconf 88' lang='lat' dir='ltr'>lucebant</span> <span class='ocrx_word' id='word_1_58' title='bbox 498 965 608 1029; x_wconf 88' lang='lat' dir='ltr'>omnia</span> <span class='ocrx_word' id='word_1_59' title='bbox 626 970 715 1030; x_wconf 85' lang='lat' dir='ltr'>veste</span> <span class='ocrx_word' id='word_1_60' title='bbox 739 966 851 1052; x_wconf 88' lang='lat' dir='ltr'>serica,</span> <span class='ocrx_word' id='word_1_61' title='bbox 874 968 982 1033; x_wconf 88' lang='lat' dir='ltr'>colore</span> <span class='ocrx_word' id='word_1_62' title='bbox 1000 991 1074 1052; x_wconf 88' lang='lat' dir='ltr'>pur-</span> 
     </span>
     <span class='ocr_line' id='line_1_10' title="bbox 58 1053 1073 1141; baseline 0.003 -23"><span class='ocrx_word' id='word_1_63' title='bbox 58 1075 170 1138; x_wconf 86' lang='lat' dir='ltr'>purea,</span> <span class='ocrx_word' id='word_1_64' title='bbox 188 1053 314 1116; x_wconf 86' lang='lat' dir='ltr'>intexta</span> <span class='ocrx_word' id='word_1_65' title='bbox 329 1074 416 1137; x_wconf 90' lang='lat' dir='ltr'>auro,</span> <span class='ocrx_word' id='word_1_66' title='bbox 435 1054 572 1138; x_wconf 89' lang='lat' dir='ltr'>gemmis</span> <span class='ocrx_word' id='word_1_67' title='bbox 589 1054 742 1138; x_wconf 84' lang='lat' dir='ltr'>admixta,</span> <span class='ocrx_word' id='word_1_68' title='bbox 756 1077 838 1140; x_wconf 88' lang='lat' dir='ltr'>quae</span> <span class='ocrx_word' id='word_1_69' title='bbox 852 1061 942 1120; x_wconf 86' lang='lat' dir='ltr'>veste</span> <span class='ocrx_word' id='word_1_70' title='bbox 957 1062 1073 1141; x_wconf 90' lang='lat' dir='ltr'>coepta</span> 
     </span>
     <span class='ocr_line' id='line_1_11' title="bbox 57 1140 1110 1228; baseline 0.005 -23"><span class='ocrx_word' id='word_1_71' title='bbox 57 1142 197 1224; x_wconf 88' lang='lat' dir='ltr'>fuerant,</span> <span class='ocrx_word' id='word_1_72' title='bbox 212 1146 246 1205; x_wconf 92' lang='lat' dir='ltr'>et</span> <span class='ocrx_word' id='word_1_73' title='bbox 259 1146 442 1225; x_wconf 91' lang='lat' dir='ltr'>perornata.</span> <span class='ocrx_word' id='word_1_74' title='bbox 475 1140 684 1207; x_wconf 86' lang='lat' dir='ltr'>Gemmarum</span> <span class='ocrx_word' id='word_1_75' title='bbox 699 1165 774 1208; x_wconf 88' lang='lat' dir='ltr'>vero</span> <span class='ocrx_word' id='word_1_76' title='bbox 788 1145 949 1228; x_wconf 86' lang='lat' dir='ltr'>regalium</span> <span class='ocrx_word' id='word_1_77' title='bbox 962 1150 1071 1210; x_wconf 91' lang='lat' dir='ltr'>utrum</span> <span class='ocrx_word' id='word_1_78' title='bbox 1086 1171 1110 1210; x_wconf 88' lang='lat'>10</span> 
     </span>
     <span class='ocr_line' id='line_1_12' title="bbox 58 1230 1072 1317; baseline 0.005 -23"><span class='ocrx_word' id='word_1_79' title='bbox 58 1230 300 1314; x_wconf 76' lang='lat' dir='ltr'>magnitudines</span> <span class='ocrx_word' id='word_1_80' title='bbox 331 1231 502 1314; x_wconf 90' lang='lat' dir='ltr'>mirarere,</span> <span class='ocrx_word' id='word_1_81' title='bbox 536 1253 578 1295; x_wconf 88' lang='lat' dir='ltr'>an</span> <span class='ocrx_word' id='word_1_82' title='bbox 608 1253 684 1296; x_wconf 89' lang='lat' dir='ltr'>vero</span> <span class='ocrx_word' id='word_1_83' title='bbox 717 1233 880 1297; x_wconf 89' lang='lat' dir='ltr'>coloribus</span> <span class='ocrx_word' id='word_1_84' title='bbox 914 1235 1072 1317; x_wconf 88' lang='lat' dir='ltr'>ducerere,</span> 
     </span>
     <span class='ocr_line' id='line_1_13' title="bbox 59 1318 1072 1406; baseline 0.004 -24"><span class='ocrx_word' id='word_1_85' title='bbox 59 1341 101 1382; x_wconf 90' lang='lat' dir='ltr'>an</span> <span class='ocrx_word' id='word_1_86' title='bbox 131 1318 315 1402; x_wconf 84' lang='lat' dir='ltr'>fulgoribus</span> <span class='ocrx_word' id='word_1_87' title='bbox 345 1319 525 1403; x_wconf 72' lang='lat' dir='ltr'>vincerem,</span> <span class='ocrx_word' id='word_1_88' title='bbox 553 1319 707 1385; x_wconf 90' lang='lat' dir='ltr'>iudicium</span> <span class='ocrx_word' id='word_1_89' title='bbox 736 1343 813 1405; x_wconf 86' lang='lat' dir='ltr'>prae</span> <span class='ocrx_word' id='word_1_90' title='bbox 844 1326 976 1406; x_wconf 79' lang='lat' dir='ltr'>stupore</span> <span class='ocrx_word' id='word_1_91' title='bbox 1004 1345 1072 1388; x_wconf 90' lang='lat' dir='ltr'>nou</span> 
     </span>
     <span class='ocr_line' id='line_1_14' title="bbox 58 1406 1071 1495; baseline 0.005 -24"><span class='ocrx_word' id='word_1_92' title='bbox 58 1411 138 1473; x_wconf 89' lang='lat' dir='ltr'>erat.</span> <span class='ocrx_word' id='word_1_93' title='bbox 183 1406 274 1470; x_wconf 91' lang='lat' dir='ltr'>Inter</span> <span class='ocrx_word' id='word_1_94' title='bbox 303 1429 417 1471; x_wconf 89' lang='lat' dir='ltr'>aurum</span> <span class='ocrx_word' id='word_1_95' title='bbox 441 1429 518 1471; x_wconf 89' lang='lat' dir='ltr'>sane</span> <span class='ocrx_word' id='word_1_96' title='bbox 541 1431 766 1493; x_wconf 88' lang='lat' dir='ltr'>purpureaque</span> <span class='ocrx_word' id='word_1_97' title='bbox 793 1415 883 1474; x_wconf 86' lang='lat' dir='ltr'>texta</span> <span class='ocrx_word' id='word_1_98' title='bbox 906 1411 958 1475; x_wconf 84' lang='lat' dir='ltr'>vel</span> <span class='ocrx_word' id='word_1_99' title='bbox 981 1432 1071 1495; x_wconf 88' lang='lat' dir='ltr'>gem-</span> 
     </span>
     <span class='ocr_line' id='line_1_15' title="bbox 58 1495 1071 1581; baseline 0.003 -22"><span class='ocrx_word' id='word_1_100' title='bbox 58 1519 129 1561; x_wconf 89' lang='lat' dir='ltr'>mas</span> <span class='ocrx_word' id='word_1_101' title='bbox 154 1495 233 1559; x_wconf 92' lang='lat' dir='ltr'>ebur</span> <span class='ocrx_word' id='word_1_102' title='bbox 256 1496 410 1580; x_wconf 92' lang='lat' dir='ltr'>multum,</span> <span class='ocrx_word' id='word_1_103' title='bbox 438 1496 494 1560; x_wconf 90' lang='lat' dir='ltr'>sed</span> <span class='ocrx_word' id='word_1_104' title='bbox 521 1496 556 1559; x_wconf 92' lang='lat' dir='ltr'>in</span> <span class='ocrx_word' id='word_1_105' title='bbox 584 1497 681 1561; x_wconf 86' lang='lat' dir='ltr'>ebore</span> <span class='ocrx_word' id='word_1_106' title='bbox 709 1498 829 1563; x_wconf 88' lang='lat' dir='ltr'>viseres</span> <span class='ocrx_word' id='word_1_107' title='bbox 858 1499 937 1563; x_wconf 89' lang='lat' dir='ltr'>artis</span> <span class='ocrx_word' id='word_1_108' title='bbox 965 1500 1071 1581; x_wconf 86' lang='lat' dir='ltr'>pretia</span> 
     </span>
     <span class='ocr_line' id='line_1_16' title="bbox 58 1582 1111 1670; baseline 0.003 -22"><span class='ocrx_word' id='word_1_109' title='bbox 58 1585 193 1649; x_wconf 89' lang='lat' dir='ltr'>maiora.</span> <span class='ocrx_word' id='word_1_110' title='bbox 239 1582 334 1667; x_wconf 88' lang='lat' dir='ltr'>Onyx</span> <span class='ocrx_word' id='word_1_111' title='bbox 356 1606 416 1668; x_wconf 88' lang='lat' dir='ltr'>pro</span> <span class='ocrx_word' id='word_1_112' title='bbox 445 1585 531 1649; x_wconf 84' lang='lat' dir='ltr'>saxis</span> <span class='ocrx_word' id='word_1_113' title='bbox 555 1589 589 1648; x_wconf 91' lang='lat' dir='ltr'>et</span> <span class='ocrx_word' id='word_1_114' title='bbox 611 1586 779 1650; x_wconf 80' lang='lat' dir='ltr'>columnae</span> <span class='ocrx_word' id='word_1_115' title='bbox 807 1587 845 1650; x_wconf 95' lang='lat' dir='ltr'>de</span> <span class='ocrx_word' id='word_1_116' title='bbox 874 1587 1011 1670; x_wconf 90' lang='lat' dir='ltr'>gemmis</span> <span class='ocrx_word' id='word_1_117' title='bbox 1039 1592 1071 1650; x_wconf 91' lang='lat' dir='ltr'>et</span> <span class='ocrx_word' id='word_1_118' title='bbox 1085 1612 1111 1652; x_wconf 89' lang='lat'>15</span> 
     </span>
     <span class='ocr_line' id='line_1_17' title="bbox 58 1673 1070 1759; baseline 0.002 -23"><span class='ocrx_word' id='word_1_119' title='bbox 58 1696 170 1737; x_wconf 89' lang='lat' dir='ltr'>earum</span> <span class='ocrx_word' id='word_1_120' title='bbox 190 1673 395 1757; x_wconf 89' lang='lat' dir='ltr'>proceritudo</span> <span class='ocrx_word' id='word_1_121' title='bbox 415 1673 534 1757; x_wconf 91' lang='lat' dir='ltr'>ubique</span> <span class='ocrx_word' id='word_1_122' title='bbox 554 1695 653 1757; x_wconf 90' lang='lat' dir='ltr'>supra</span> <span class='ocrx_word' id='word_1_123' title='bbox 670 1677 834 1739; x_wconf 75' lang='lat' dir='ltr'>nostrates</span> <span class='ocrx_word' id='word_1_124' title='bbox 853 1675 996 1759; x_wconf 89' lang='lat' dir='ltr'>arbores,</span> <span class='ocrx_word' id='word_1_125' title='bbox 1015 1675 1070 1739; x_wconf 91' lang='lat' dir='ltr'>sed</span> 
     </span>
     <span class='ocr_line' id='line_1_18' title="bbox 58 1759 1071 1846; baseline 0.001 -20"><span class='ocrx_word' id='word_1_126' title='bbox 58 1784 141 1846; x_wconf 91' lang='lat' dir='ltr'>quae</span> <span class='ocrx_word' id='word_1_127' title='bbox 165 1762 231 1825; x_wconf 91' lang='lat' dir='ltr'>sint</span> <span class='ocrx_word' id='word_1_128' title='bbox 254 1761 512 1844; x_wconf 86' lang='lat' dir='ltr'>procerissimae,</span> <span class='ocrx_word' id='word_1_129' title='bbox 534 1759 650 1845; x_wconf 87' lang='lat' dir='ltr'>fuerat,</span> <span class='ocrx_word' id='word_1_130' title='bbox 672 1763 774 1827; x_wconf 91' lang='lat' dir='ltr'>ebeno</span> <span class='ocrx_word' id='word_1_131' title='bbox 797 1767 908 1827; x_wconf 89' lang='lat' dir='ltr'>tamen</span> <span class='ocrx_word' id='word_1_132' title='bbox 929 1763 1071 1845; x_wconf 91' lang='lat' dir='ltr'>plurima</span> 
     </span>
     <span class='ocr_line' id='line_1_19' title="bbox 56 1850 1070 1935; baseline 0.002 -21"><span class='ocrx_word' id='word_1_133' title='bbox 56 1851 291 1935; x_wconf 70' lang='lat' dir='ltr'>interpolante:</span> <span class='ocrx_word' id='word_1_134' title='bbox 316 1851 401 1934; x_wconf 93' lang='lat' dir='ltr'>quod</span> <span class='ocrx_word' id='word_1_135' title='bbox 425 1851 454 1913; x_wconf 91' lang='lat' dir='ltr'>si</span> <span class='ocrx_word' id='word_1_136' title='bbox 478 1850 523 1915; x_wconf 92' lang='lat' dir='ltr'>sit</span> <span class='ocrx_word' id='word_1_137' title='bbox 546 1851 584 1914; x_wconf 86' lang='lat' dir='ltr'>ad</span> <span class='ocrx_word' id='word_1_138' title='bbox 609 1850 729 1914; x_wconf 90' lang='lat' dir='ltr'>caeruli</span> <span class='ocrx_word' id='word_1_139' title='bbox 753 1851 892 1934; x_wconf 87' lang='lat' dir='ltr'>speciem</span> <span class='ocrx_word' id='word_1_140' title='bbox 911 1852 962 1914; x_wconf 87' lang='lat' dir='ltr'>vel</span> <span class='ocrx_word' id='word_1_141' title='bbox 986 1852 1070 1916; x_wconf 87' lang='lat' dir='ltr'>colo·</span> 
     </span>
     <span class='ocr_line' id='line_1_20' title="bbox 57 1939 1069 2023; baseline 0.001 -21"><span class='ocrx_word' id='word_1_142' title='bbox 57 1961 126 2003; x_wconf 92' lang='lat' dir='ltr'>rem</span> <span class='ocrx_word' id='word_1_143' title='bbox 150 1939 335 2023; x_wconf 82' lang='lat' dir='ltr'>laevigatio,</span> <span class='ocrx_word' id='word_1_144' title='bbox 358 1943 469 2003; x_wconf 88' lang='lat' dir='ltr'>tamen</span> <span class='ocrx_word' id='word_1_145' title='bbox 488 1940 676 2023; x_wconf 90' lang='lat' dir='ltr'>plerumque</span> <span class='ocrx_word' id='word_1_146' title='bbox 700 1960 739 2002; x_wconf 87' lang='lat' dir='ltr'>ex</span> <span class='ocrx_word' id='word_1_147' title='bbox 763 1961 801 2003; x_wconf 86' lang='lat' dir='ltr'>ea</span> <span class='ocrx_word' id='word_1_148' title='bbox 819 1961 964 2023; x_wconf 87' lang='lat' dir='ltr'>purpura</span> <span class='ocrx_word' id='word_1_149' title='bbox 984 1940 1069 2003; x_wconf 88' lang='lat' dir='ltr'>aliud</span> 
     </span>
     <span class='ocr_line' id='line_1_21' title="bbox 57 2025 1111 2110; baseline 0.001 -20"><span class='ocrx_word' id='word_1_150' title='bbox 57 2048 128 2090; x_wconf 90' lang='lat' dir='ltr'>esse</span> <span class='ocrx_word' id='word_1_151' title='bbox 153 2025 172 2065; x_wconf 72' lang='lat'>’¹‘</span> <span class='ocrx_word' id='word_1_152' title='bbox 196 2050 293 2110; x_wconf 89' lang='lat' dir='ltr'>quam</span> <span class='ocrx_word' id='word_1_153' title='bbox 316 2029 345 2092; x_wconf 90' lang='lat' dir='ltr'>si</span> <span class='ocrx_word' id='word_1_154' title='bbox 369 2050 483 2093; x_wconf 86' lang='lat' dir='ltr'>saxum</span> <span class='ocrx_word' id='word_1_155' title='bbox 506 2028 644 2092; x_wconf 91' lang='lat' dir='ltr'>ebenum</span> <span class='ocrx_word' id='word_1_156' title='bbox 667 2028 894 2092; x_wconf 89' lang='lat' dir='ltr'>mentiebatur.</span> <span class='ocrx_word' id='word_1_157' title='bbox 1084 2053 1111 2092; x_wconf 75' lang='lat' dir='ltr'>re</span> 
     </span>
     <span class='ocr_line' id='line_1_22' title="bbox 149 2113 1132 2201; baseline 0.006 -23"><span class='ocrx_word' id='word_1_158' title='bbox 149 2113 207 2181; x_wconf 84' lang='grc'>36.</span> <span class='ocrx_word' id='word_1_159' title='bbox 244 2116 317 2181; x_wconf 88' lang='lat' dir='ltr'>lllie</span> <span class='ocrx_word' id='word_1_160' title='bbox 347 2120 380 2181; x_wconf 92' lang='lat' dir='ltr'>et</span> <span class='ocrx_word' id='word_1_161' title='bbox 410 2117 535 2201; x_wconf 85' lang='lat' dir='ltr'>effigies</span> <span class='ocrx_word' id='word_1_162' title='bbox 565 2117 724 2200; x_wconf 89' lang='lat' dir='ltr'>plurimae</span> <span class='ocrx_word' id='word_1_163' title='bbox 755 2120 826 2180; x_wconf 91' lang='lat' dir='ltr'>tum</span> <span class='ocrx_word' id='word_1_164' title='bbox 859 2138 876 2180; x_wconf 92' lang='lat' dir='ltr'>e</span> <span class='ocrx_word' id='word_1_165' title='bbox 909 2137 1070 2181; x_wconf 88' lang='lat' dir='ltr'>marmore</span> <span class='ocrx_word' id='word_1_166' title='bbox 1090 2130 1132 2185; x_wconf 81' lang='lat'>58.</span> 
     </span>
     <span class='ocr_line' id='line_1_23' title="bbox 57 2203 1072 2289; baseline 0.002 -22"><span class='ocrx_word' id='word_1_167' title='bbox 57 2203 149 2268; x_wconf 84' lang='lat' dir='ltr'>vario</span> <span class='ocrx_word' id='word_1_168' title='bbox 187 2208 256 2268; x_wconf 89' lang='lat' dir='ltr'>tum</span> <span class='ocrx_word' id='word_1_169' title='bbox 289 2226 306 2268; x_wconf 92' lang='lat' dir='ltr'>e</span> <span class='ocrx_word' id='word_1_170' title='bbox 339 2205 473 2269; x_wconf 88' lang='lat' dir='ltr'>metallo</span> <span class='ocrx_word' id='word_1_171' title='bbox 513 2205 729 2289; x_wconf 90' lang='lat' dir='ltr'>cuiuscunque</span> <span class='ocrx_word' id='word_1_172' title='bbox 767 2205 856 2270; x_wconf 93' lang='lat' dir='ltr'>modi</span> <span class='ocrx_word' id='word_1_173' title='bbox 892 2205 1072 2269; x_wconf 88' lang='lat' dir='ltr'>renuebant</span> 
     </span>
     <span class='ocr_line' id='line_1_24' title="bbox 57 2292 1070 2378; baseline 0.002 -23"><span class='ocrx_word' id='word_1_174' title='bbox 57 2292 184 2355; x_wconf 90' lang='lat' dir='ltr'>numeri</span> <span class='ocrx_word' id='word_1_175' title='bbox 204 2293 471 2376; x_wconf 83' lang='lat' dir='ltr'>aestimationem,</span> <span class='ocrx_word' id='word_1_176' title='bbox 495 2316 577 2378; x_wconf 91' lang='lat' dir='ltr'>quae</span> <span class='ocrx_word' id='word_1_177' title='bbox 601 2296 707 2358; x_wconf 90' lang='lat' dir='ltr'>omnis</span> <span class='ocrx_word' id='word_1_178' title='bbox 726 2294 847 2359; x_wconf 86' lang='lat' dir='ltr'>curiosi</span> <span class='ocrx_word' id='word_1_179' title='bbox 866 2294 1070 2378; x_wconf 90' lang='lat' dir='ltr'>diligentiam</span> 
     </span>
     <span class='ocr_line' id='line_1_25' title="bbox 58 2381 1069 2467; baseline 0.001 -22"><span class='ocrx_word' id='word_1_180' title='bbox 58 2381 209 2445; x_wconf 86' lang='lat' dir='ltr'>vinceret.</span> <span class='ocrx_word' id='word_1_181' title='bbox 262 2381 353 2446; x_wconf 82' lang='lat' dir='ltr'>Adeo</span> <span class='ocrx_word' id='word_1_182' title='bbox 383 2383 486 2445; x_wconf 92' lang='lat' dir='ltr'>multa</span> <span class='ocrx_word' id='word_1_183' title='bbox 516 2383 622 2447; x_wconf 84' lang='lat' dir='ltr'>erant!</span> <span class='ocrx_word' id='word_1_184' title='bbox 676 2382 832 2458; x_wconf 76' lang='lat' dir='ltr'>Quamvis</span> <span class='ocrx_word' id='word_1_185' title='bbox 864 2383 900 2446; x_wconf 90' lang='lat' dir='ltr'>in</span> <span class='ocrx_word' id='word_1_186' title='bbox 932 2382 1069 2467; x_wconf 87' lang='lat' dir='ltr'>singulis</span> 
     </span>
     <span class='ocr_line' id='line_1_26' title="bbox 56 2469 1109 2555; baseline 0.005 -23"><span class='ocrx_word' id='word_1_187' title='bbox 56 2469 222 2553; x_wconf 86' lang='lat' dir='ltr'>figmentis</span> <span class='ocrx_word' id='word_1_188' title='bbox 246 2470 344 2533; x_wconf 91' lang='lat' dir='ltr'>fuerit</span> <span class='ocrx_word' id='word_1_189' title='bbox 368 2470 538 2554; x_wconf 89' lang='lat' dir='ltr'>superbior</span> <span class='ocrx_word' id='word_1_190' title='bbox 561 2470 750 2555; x_wconf 83' lang='lat' dir='ltr'>admirati03</span> <span class='ocrx_word' id='word_1_191' title='bbox 773 2494 884 2536; x_wconf 88' lang='lat' dir='ltr'>currus</span> <span class='ocrx_word' id='word_1_192' title='bbox 908 2493 987 2536; x_wconf 90' lang='lat' dir='ltr'>sane</span> <span class='ocrx_word' id='word_1_193' title='bbox 1010 2471 1068 2535; x_wconf 85' lang='lat' dir='ltr'>fal-</span> <span class='ocrx_word' id='word_1_194' title='bbox 1083 2496 1109 2537; x_wconf 80' lang='lat'>25</span> 
     </span>
     <span class='ocr_line' id='line_1_27' title="bbox 60 2557 1069 2642; baseline 0.002 -21"><span class='ocrx_word' id='word_1_195' title='bbox 60 2563 150 2622; x_wconf 87' lang='lat' dir='ltr'>catos</span> <span class='ocrx_word' id='word_1_196' title='bbox 171 2579 187 2620; x_wconf 90' lang='lat' dir='ltr'>e</span> <span class='ocrx_word' id='word_1_197' title='bbox 206 2558 396 2642; x_wconf 82' lang='lat' dir='ltr'>porphyrite</span> <span class='ocrx_word' id='word_1_198' title='bbox 416 2557 533 2642; x_wconf 88' lang='lat' dir='ltr'>lapide,</span> <span class='ocrx_word' id='word_1_199' title='bbox 553 2559 608 2624; x_wconf 91' lang='lat' dir='ltr'>sed</span> <span class='ocrx_word' id='word_1_200' title='bbox 627 2560 894 2626; x_wconf 89' lang='lat' dir='ltr'>conliniatissime</span> <span class='ocrx_word' id='word_1_201' title='bbox 913 2582 1069 2625; x_wconf 88' lang='lat' dir='ltr'>unacum</span> 
     </span>
     <span class='ocr_line' id='line_1_28' title="bbox 58 2646 1071 2732; baseline 0.003 -23"><span class='ocrx_word' id='word_1_202' title='bbox 58 2646 280 2710; x_wconf 87' lang='lat' dir='ltr'>animantibus</span> <span class='ocrx_word' id='word_1_203' title='bbox 304 2651 338 2710; x_wconf 91' lang='lat' dir='ltr'>et</span> <span class='ocrx_word' id='word_1_204' title='bbox 357 2647 478 2732; x_wconf 86' lang='lat' dir='ltr'>aurigis</span> <span class='ocrx_word' id='word_1_205' title='bbox 503 2648 543 2711; x_wconf 91' lang='lat' dir='ltr'>ad</span> <span class='ocrx_word' id='word_1_206' title='bbox 562 2649 631 2712; x_wconf 86' lang='lat' dir='ltr'>veri</span> <span class='ocrx_word' id='word_1_207' title='bbox 648 2649 764 2713; x_wconf 86' lang='lat' dir='ltr'>faciem</span> <span class='ocrx_word' id='word_1_208' title='bbox 783 2650 892 2714; x_wconf 85' lang='lat' dir='ltr'>videre</span> <span class='ocrx_word' id='word_1_209' title='bbox 912 2653 980 2713; x_wconf 86' lang='lat' dir='ltr'>erat</span> <span class='ocrx_word' id='word_1_210' title='bbox 997 2649 1071 2732; x_wconf 91' lang='lat' dir='ltr'>plu-</span> 
     </span>
     <span class='ocr_line' id='line_1_29' title="bbox 56 2735 1070 2823; baseline 0.002 -25"><span class='ocrx_word' id='word_1_211' title='bbox 56 2735 157 2799; x_wconf 91' lang='lat' dir='ltr'>rimos</span> <span class='ocrx_word' id='word_1_212' title='bbox 188 2739 222 2799; x_wconf 90' lang='lat' dir='ltr'>et</span> <span class='ocrx_word' id='word_1_213' title='bbox 248 2735 370 2818; x_wconf 87' lang='lat' dir='ltr'>passim</span> <span class='ocrx_word' id='word_1_214' title='bbox 398 2735 516 2819; x_wconf 90' lang='lat' dir='ltr'>ubique</span> <span class='ocrx_word' id='word_1_215' title='bbox 544 2736 742 2822; x_wconf 79' lang='lat' dir='ltr'>constitisse,</span> <span class='ocrx_word' id='word_1_216' title='bbox 770 2760 851 2823; x_wconf 92' lang='lat' dir='ltr'>quos</span> <span class='ocrx_word' id='word_1_217' title='bbox 879 2743 912 2801; x_wconf 91' lang='lat' dir='ltr'>et</span> <span class='ocrx_word' id='word_1_218' title='bbox 940 2759 1070 2801; x_wconf 92' lang='lat' dir='ltr'>cursum</span> 
     </span>
     <span class='ocr_line' id='line_1_30' title="bbox 58 2823 1071 2907; baseline 0.002 -21"><span class='ocrx_word' id='word_1_219' title='bbox 58 2844 153 2907; x_wconf 89' lang='lat' dir='ltr'>agere</span> <span class='ocrx_word' id='word_1_220' title='bbox 175 2823 343 2906; x_wconf 89' lang='lat' dir='ltr'>opinarere</span> <span class='ocrx_word' id='word_1_221' title='bbox 363 2828 395 2888; x_wconf 90' lang='lat' dir='ltr'>et</span> <span class='ocrx_word' id='word_1_222' title='bbox 417 2825 539 2888; x_wconf 89' lang='lat' dir='ltr'>moveri</span> <span class='ocrx_word' id='word_1_223' title='bbox 561 2826 669 2890; x_wconf 89' lang='lat' dir='ltr'>omnia</span> <span class='ocrx_word' id='word_1_224' title='bbox 692 2848 760 2890; x_wconf 91' lang='lat' dir='ltr'>non</span> <span class='ocrx_word' id='word_1_225' title='bbox 777 2826 981 2890; x_wconf 89' lang='lat' dir='ltr'>discrederes.</span> <span class='ocrx_word' id='word_1_226' title='bbox 1019 2824 1071 2889; x_wconf 91' lang='lat' dir='ltr'>Ita</span> 
     </span>
     <span class='ocr_line' id='line_1_31' title="bbox 56 2913 1110 2999; baseline 0.002 -25"><span class='ocrx_word' id='word_1_227' title='bbox 56 2934 135 2994; x_wconf 90' lang='lat' dir='ltr'>prae</span> <span class='ocrx_word' id='word_1_228' title='bbox 160 2933 292 2976; x_wconf 87' lang='lat' dir='ltr'>corusco</span> <span class='ocrx_word' id='word_1_229' title='bbox 321 2913 446 2996; x_wconf 86' lang='lat' dir='ltr'>fulgore</span> <span class='ocrx_word' id='word_1_230' title='bbox 476 2916 641 2978; x_wconf 89' lang='lat' dir='ltr'>oculorum</span> <span class='ocrx_word' id='word_1_231' title='bbox 670 2915 775 2978; x_wconf 89' lang='lat' dir='ltr'>officio</span> <span class='ocrx_word' id='word_1_232' title='bbox 804 2936 976 2999; x_wconf 87' lang='lat' dir='ltr'>praeverso</span> <span class='ocrx_word' id='word_1_233' title='bbox 1004 2913 1070 2976; x_wconf 91' lang='lat' dir='ltr'>labi</span> <span class='ocrx_word' id='word_1_234' title='bbox 1084 2939 1110 2977; x_wconf 85' lang='lat' dir='ltr'>eo</span> 
     </span>
    </p>
   </div>
   <div class='ocr_carea' id='block_1_3' title="bbox 56 3188 1069 3598">
    <p class='ocr_par' dir='ltr' id='par_1_3' title="bbox 56 3188 1069 3598">
     <span class='ocr_line' id='line_1_32' title="bbox 149 3188 1069 3262; baseline 0.001 -20"><span class='ocrx_word' id='word_1_235' title='bbox 149 3197 162 3242; x_wconf 93' lang='lat'>1</span> <span class='ocrx_word' id='word_1_236' title='bbox 184 3190 375 3260; x_wconf 85' lang='lat' dir='ltr'>olympiadam</span> <span class='ocrx_word' id='word_1_237' title='bbox 393 3192 425 3248; x_wconf 89' lang='lat' dir='ltr'>P.</span> <span class='ocrx_word' id='word_1_238' title='bbox 452 3191 633 3262; x_wconf 86' lang='lat' dir='ltr'>Olympidem</span> <span class='ocrx_word' id='word_1_239' title='bbox 651 3193 686 3246; x_wconf 83' lang='lat' dir='ltr'>A.</span> <span class='ocrx_word' id='word_1_240' title='bbox 725 3196 740 3245; x_wconf 79' lang='grc'><strong>7</strong></span> <span class='ocrx_word' id='word_1_241' title='bbox 760 3190 882 3255; x_wconf 87' lang='lat' dir='ltr'>alienum</span> <span class='ocrx_word' id='word_1_242' title='bbox 899 3191 972 3245; x_wconf 78' lang='lat' dir='ltr'>Mai.</span> <span class='ocrx_word' id='word_1_243' title='bbox 996 3188 1069 3243; x_wconf 87' lang='lat' dir='ltr'>alius</span> 
     </span>
     <span class='ocr_line' id='line_1_33' title="bbox 56 3260 1069 3330; baseline 0 -15"><span class='ocrx_word' id='word_1_244' title='bbox 56 3262 132 3316; x_wconf 84' lang='lat' dir='ltr'><strong><em>A.P.</em></strong></span> <span class='ocrx_word' id='word_1_245' title='bbox 152 3263 262 3316; x_wconf 78' lang='lat' dir='ltr'>videtur</span> <span class='ocrx_word' id='word_1_246' title='bbox 279 3263 389 3316; x_wconf 79' lang='lat' dir='ltr'>uerbum</span> <span class='ocrx_word' id='word_1_247' title='bbox 402 3268 467 3330; x_wconf 81' lang='lat' dir='ltr'>post</span> <span class='ocrx_word' id='word_1_248' title='bbox 484 3261 578 3316; x_wconf 81' lang='lat' dir='ltr'>‘alius’</span> <span class='ocrx_word' id='word_1_249' title='bbox 595 3263 739 3317; x_wconf 73' lang='lat' dir='ltr'>cecidisse:</span> <span class='ocrx_word' id='word_1_250' title='bbox 759 3261 830 3316; x_wconf 88' lang='lat' dir='ltr'>alius</span> <span class='ocrx_word' id='word_1_251' title='bbox 849 3260 919 3315; x_wconf 88' lang='lat' dir='ltr'>lueis</span> <span class='ocrx_word' id='word_1_252' title='bbox 936 3262 978 3316; x_wconf 81' lang='lat' dir='ltr'>vel</span> <span class='ocrx_word' id='word_1_253' title='bbox 996 3260 1069 3315; x_wconf 88' lang='lat' dir='ltr'>alius</span> 
     </span>
     <span class='ocr_line' id='line_1_34' title="bbox 57 3331 1069 3400; baseline 0.001 -16"><span class='ocrx_word' id='word_1_254' title='bbox 57 3331 234 3400; x_wconf 85' lang='lat' dir='ltr'>splendoris?</span> <span class='ocrx_word' id='word_1_255' title='bbox 276 3334 371 3387; x_wconf 89' lang='lat' dir='ltr'>8este</span> <span class='ocrx_word' id='word_1_256' title='bbox 381 3334 415 3386; x_wconf 88' lang='lat' dir='ltr'>P.</span> <span class='ocrx_word' id='word_1_257' title='bbox 454 3339 484 3386; x_wconf 90' lang='lat'>11</span> <span class='ocrx_word' id='word_1_258' title='bbox 507 3333 640 3387; x_wconf 84' lang='lat' dir='ltr'>mirarere</span> <span class='ocrx_word' id='word_1_259' title='bbox 659 3350 727 3388; x_wconf 82' lang='lat' dir='ltr'>corr.</span> <span class='ocrx_word' id='word_1_260' title='bbox 748 3351 780 3388; x_wconf 77' lang='lat' dir='ltr'>eor</span> <span class='ocrx_word' id='word_1_261' title='bbox 798 3332 942 3387; x_wconf 84' lang='lat' dir='ltr'>mirareA.</span> <span class='ocrx_word' id='word_1_262' title='bbox 968 3332 1069 3386; x_wconf 87' lang='lat' dir='ltr'>ducere</span> 
     </span>
     <span class='ocr_line' id='line_1_35' title="bbox 57 3402 1068 3466; baseline 0.001 -11"><span class='ocrx_word' id='word_1_263' title='bbox 57 3405 92 3456; x_wconf 85' lang='lat' dir='ltr'>A.</span> <span class='ocrx_word' id='word_1_264' title='bbox 100 3404 151 3466; x_wconf 86' lang='lat' dir='ltr'>P.;</span> <span class='ocrx_word' id='word_1_265' title='bbox 171 3405 285 3458; x_wconf 79' lang='lat' dir='ltr'>correxi.</span> <span class='ocrx_word' id='word_1_266' title='bbox 335 3411 367 3457; x_wconf 82' lang='lat'>12</span> <span class='ocrx_word' id='word_1_267' title='bbox 387 3404 498 3458; x_wconf 85' lang='lat' dir='ltr'>vincere</span> <span class='ocrx_word' id='word_1_268' title='bbox 518 3407 553 3457; x_wconf 87' lang='lat' dir='ltr'>A.</span> <span class='ocrx_word' id='word_1_269' title='bbox 606 3411 637 3459; x_wconf 77' lang='lat'>17</span> <span class='ocrx_word' id='word_1_270' title='bbox 657 3405 748 3458; x_wconf 86' lang='lat' dir='ltr'>fuerat</span> <span class='ocrx_word' id='word_1_271' title='bbox 767 3404 840 3460; x_wconf 80' lang='lat' dir='ltr'>Mai.</span> <span class='ocrx_word' id='word_1_272' title='bbox 864 3402 976 3457; x_wconf 81' lang='lat' dir='ltr'>fuerant</span> <span class='ocrx_word' id='word_1_273' title='bbox 994 3403 1068 3457; x_wconf 68' lang='grc' dir='ltr'>ΛΡ.</span> 
     </span>
     <span class='ocr_line' id='line_1_36' title="bbox 75 3474 1067 3597; baseline 0 -70"><span class='ocrx_word' id='word_1_274' title='bbox 75 3543 105 3597; x_wconf 77' lang='lat' dir='ltr'><strong>ffi</strong></span> <span class='ocrx_word' id='word_1_275' title='bbox 146 3474 195 3529; x_wconf 78' lang='grc'>36.</span> <span class='ocrx_word' id='word_1_276' title='bbox 229 3480 262 3529; x_wconf 79' lang='grc'>23</span> <span class='ocrx_word' id='word_1_277' title='bbox 283 3474 408 3530; x_wconf 88' lang='lat' dir='ltr'>numeria</span> <span class='ocrx_word' id='word_1_278' title='bbox 426 3476 463 3528; x_wconf 80' lang='lat' dir='ltr'>A.</span> <span class='ocrx_word' id='word_1_279' title='bbox 490 3474 739 3544; x_wconf 87' lang='lat' dir='ltr'>aestimationeque</span> <span class='ocrx_word' id='word_1_280' title='bbox 758 3476 790 3531; x_wconf 90' lang='lat' dir='ltr'>P.</span> <span class='ocrx_word' id='word_1_281' title='bbox 842 3479 876 3527; x_wconf 86' lang='lat'>30</span> <span class='ocrx_word' id='word_1_282' title='bbox 895 3474 1013 3543; x_wconf 87' lang='lat' dir='ltr'>fulgoris</span> <span class='ocrx_word' id='word_1_283' title='bbox 1032 3475 1067 3528; x_wconf 90' lang='lat' dir='ltr'>A.</span> 
     </span>
     <span class='ocr_line' id='line_1_37' title="bbox 57 3544 961 3598; baseline -0.003 -1"><span class='ocrx_word' id='word_1_284' title='bbox 57 3561 73 3598; x_wconf 94' lang='lat' dir='ltr'>o</span> <span class='ocrx_word' id='word_1_285' title='bbox 108 3544 151 3597; x_wconf 87' lang='lat' dir='ltr'>cia</span> <span class='ocrx_word' id='word_1_286' title='bbox 168 3545 204 3598; x_wconf 77' lang='lat' dir='ltr'>A.</span> <span class='ocrx_word' id='word_1_287' title='bbox 960 3591 961 3594; x_wconf 74' lang='grc'>,</span> 
     </span>
    </p>
   </div>
   <div class='ocr_carea' id='block_1_4' title="bbox 0 0 1192 3938">
    <p class='ocr_par' dir='ltr' id='par_1_4' title="bbox 0 0 1192 3938">
     <span class='ocr_line' id='line_1_38' title="bbox 0 0 1192 3938; baseline 0 1"><span class='ocrx_word' id='word_1_288' title='bbox 0 0 1192 3938; x_wconf 95' lang='lat' dir='ltr'> </span> 
     </span>
    </p>
   </div>
  </div>
 </body>
</html>
