2362 3938
119 229 163 295 84
462 219 796 281 eunomiumne

123 393 252 460 parsque
275 367 390 454 (nefas)
413 371 560 451 deprensa
581 372 675 450 iugis3
697 387 767 431 nam
789 376 890 433 catera
913 367 994 431 caelo

120 465 227 526 debita.
274 462 460 523 conclamant
481 459 612 539 Minyae,
635 459 728 532 lutera
750 465 878 536 utraque
900 459 1012 538 quippe

120 553 285 614 dissiluisse
309 557 422 629 putant.
468 547 545 628 fugit
566 549 630 626 ipse
654 547 835 611 nouissimus
858 548 938 609 ictus

121 640 232 721 Tiphys
256 647 286 699 et
310 657 325 698 e
349 637 455 698 mediis
478 637 615 715 sequitur
638 636 714 696 freta
736 642 820 713 rapta
843 636 954 714 ruinis3
1085 646 1134 699 tta

121 747 178 791 nec
201 730 285 807 prius
309 726 466 786 obsessum
489 723 618 803 seopulis
641 725 774 802 respexit
795 721 832 783 ad
855 741 968 801 aequor

122 825 175 879 aut
196 817 285 876 sociis
308 821 449 892 temptata
472 815 571 892 quies,
594 813 742 890 nigrantia
763 829 854 889 quem
876 813 936 873 iam

122 904 209 966 litora
231 904 445 982 longinquique
468 903 584 963 exirent
606 900 729 963 ilumina
751 898 880 961 Rhebae.

122 1001 194 1054 tunc
217 992 311 1052 fessas
334 1008 463 1069 posuere
485 1007 604 1069 manus,
627 996 699 1049 tunc
721 987 805 1051 arida
827 987 926 1053 anheli

122 1088 257 1160 pectora,
279 1079 414 1138 discussa
436 1077 539 1155 quales
562 1076 720 1138 formidine
742 1075 856 1138 Auerni
1090 1089 1139 1139 too

122 1167 239 1228 Alcides
261 1165 455 1243 Theseusque
479 1183 579 1225 comes
602 1164 740 1242 pallentia
763 1166 891 1242 iungamt

123 1273 191 1335 ora,
214 1253 266 1315 ubi
288 1255 340 1312 iiix
362 1254 474 1331 primas
497 1252 623 1330 amplexi
646 1252 767 1315 luminis
790 1270 866 1314 oras.

166 1341 228 1402 Nec
251 1359 325 1402 uero
347 1342 412 1419 ipse
435 1347 533 1401 metus
557 1358 704 1418 curasque
728 1341 880 1403 resoluere
904 1339 1023 1423 ductor,

124 1430 176 1491 sed
200 1433 291 1491 maria
314 1436 470 1508 aspectans
494 1424 565 1489 ‘heu
589 1431 641 1506 qui
664 1430 752 1490 datus
774 1432 831 1491 iste
854 1428 982 1490 deorum

124 1527 206 1581 sorte
229 1518 313 1580 labor
336 1515 435 1581 nobis!
459 1536 584 1581 saeuum
606 1524 640 1577 ut
663 1519 819 1579 ueniamus
841 1517 879 1577 ad
902 1535 1022 1581 amnem
1090 1529 1140 1581 tot

124 1607 259 1668 Phasidis
283 1615 313 1667 et
331 1601 431 1667 mites’
454 1609 552 1685 iuquit
575 1601 659 1665 ‘dent
680 1605 793 1666 uellera
816 1604 927 1686 Colchi,

124 1696 204 1757 unde
228 1715 282 1775 per
305 1695 360 1755 hos
383 1698 493 1756 iterum
515 1701 632 1755 montes
655 1689 757 1773 fugaP'
782 1694 850 1755 talia
874 1692 982 1775 raama,

124 1786 249 1862 imperio
273 1784 347 1843 linos
370 1781 451 1843 louis
474 1791 687 1860 aeternumque
711 1783 867 1845 reuinctos.

123 1873 252 1932 nescius.
297 1870 371 1930 haec
394 1872 446 1930 lati
470 1879 551 1931 certa
573 1888 641 1929 nam
664 1870 728 1948 lege
751 1869 919 1950 manebam,

126 1961 210 2038 siqua
232 1977 287 2039 per
309 1957 364 2019 hos
387 1959 475 2019 undis
499 1976 640 2037 umquam
662 1961 735 2018 ratis
757 1960 831 2018 isset
853 1960 973 2036 apertis.
1092 1970 1142 2021 tta

170 2048 248 2109 Tum
270 2048 361 2127 freta,
383 2064 459 2124 quae
482 2046 579 2126 longis
602 2047 721 2108 fuerant
743 2048 880 2124 inperuia
903 2046 1018 2127 saeclis,

126 2136 162 2196 ad
186 2135 314 2197 subitam
337 2142 480 2214 stupuere
503 2143 610 2216 ratem,
633 2135 781 2212 Pontique
804 2136 928 2195 iacentis

126 2242 213 2284 omne
237 2225 333 2285 solum
356 2241 502 2303 regesque
525 2231 629 2302 patent
651 2230 815 2301 gentesque
838 2230 986 2300 repostae.
1010 2284 1012 2289 .

126 2330 186 2372 non
209 2312 279 2373 alibi
302 2313 404 2372 eliusis
427 2319 584 2373 cesserunt
606 2310 723 2390 longius
746 2311 835 2371 undis

125 2399 225 2479 litora3
249 2417 305 2459 nec
328 2407 425 2459 tantas
447 2401 569 2460 iunctus
591 2398 764 2478 Tyrrhenus
788 2405 819 2459 et
841 2397 943 2476 Aegon
1092 2408 1141 2461 tlt

126 2487 229 2547 uoluat
251 2505 355 2566 aquas,
378 2489 504 2564 geminis
528 2495 572 2547 tot
595 2487 694 2548 desint
717 2487 854 2566 Syrtibus
876 2487 983 2549 undae.

127 2592 196 2635 nam
219 2592 309 2652 super
332 2573 392 2633 huc
414 2582 516 2634 uastos
539 2574 628 2635 tellus
652 2593 771 2654 quoque
794 2577 929 2654 congerit
951 2593 1063 2639 amnes.

127 2681 199 2724 num
222 2664 447 2741 septemgemini
469 2679 632 2722 memorem
656 2682 729 2741 quas
753 2666 849 2724 exitus
871 2662 974 2746 Histri,

128 2770 201 2830 quas
224 2751 330 2812 Tanais
353 2750 509 2829 flauusque
533 2750 626 2829 Tyres
648 2750 840 2831 pranisque
862 2751 1023 2831 Nouasque

129 2840 216 2901 addat
238 2858 324 2921 opes,
348 2847 534 2918 quantosque
558 2841 642 2900 sinus
664 2840 789 2902 Maeotia
811 2841 911 2900 laxent
1091 2851 1141 2902 ‘tao

128 2925 279 3009 aequora?
323 2928 464 2989 flumineo
488 2931 531 2989 sio
555 2931 671 3007 agmine
695 2929 784 3007 ircgit
806 2931 898 2991 amari

127 3020 191 3078 uim
214 3017 283 3078 salis
305 3018 375 3077 hinc
398 3015 510 3078 lloreae
534 3017 643 3078 cedens
667 3016 862 3096 gloriantibus
885 3019 965 3078 auris

127 3103 241 3167 Pontus
266 3112 296 3165 et
319 3114 422 3166 exorta
444 3106 538 3167 facilis
562 3123 758 3167 concrescere
780 3103 895 3167 bruma.

127 3200 220 3273 utque
244 3194 292 3254 uel
315 3197 443 3254 inmotos
466 3213 553 3255 ursae
577 3197 797 3273 rigorinueuit
820 3212 922 3255 amnes

128 3279 178 3339 uel
200 3282 276 3343 freta
299 3301 388 3343 uersa
411 3282 507 3362 uadis,
530 3281 659 3343 hiemem
680 3284 724 3343 sic
747 3282 827 3357 unda
848 3301 903 3361 per
926 3299 1046 3343 omnem
1092 3288 1142 3342 tat

128 3374 180 3425 aut
200 3387 305 3448 ¹campo
329 3373 406 3431 iacet
433 3377 484 3431 aut
507 3371 620 3431 tumido
644 3373 721 3450 riget
743 3370 835 3430 ardua
857 3369 961 3448 ssarotu,

127 3460 216 3532 atque
239 3456 295 3518 hac
317 3457 468 3537 Europam
487 3461 588 3519 curuis
608 3456 789 3519 anfractibus
811 3462 907 3535 urget,

122 3541 181 3606 heo
202 3542 304 3606 Asiam
327 3545 501 3626 Scythicum
523 3548 623 3626 specie
645 3548 780 3606 sinuatus
802 3544 834 3602 in
858 3559 968 3604 arcum.
