2362 3938
124 172 167 236 10
466 166 494 222 c.
515 167 653 224 rmum
670 167 800 224 rcaccr

122 330 194 383 uota
216 319 280 380 aliis
304 318 439 380 facienda
462 317 534 378 deis.
581 318 606 378 si
629 319 687 378 lata
709 319 859 380 reducunt

122 419 152 473 te
176 408 262 491 mihi,
286 409 312 468 si
334 407 459 486 trepidis
482 405 624 485 placabile
649 407 794 468 matribus
818 426 940 490 aequor,

121 516 245 580 possum
268 497 406 576 equidem
428 495 585 575 lucemque
608 498 670 575 pati
692 495 872 576 longumque
896 499 1056 560 timorem..
1092 512 1142 563 325

118 590 169 649 sin
192 586 271 648 aliud
295 585 427 646 Fortuna
442 593 548 665 parat,
571 587 714 645 miserere
736 595 905 667 parentum,

121 676 201 737 Mors
215 675 302 757 hona,
317 675 388 736 dum
402 682 499 734 metus
515 681 560 734 est
574 691 630 734 nec
644 673 740 734 adhuc
755 673 847 735 dolor.
872 678 900 735 ei
914 675 998 758 mihi,
1016 675 1141 741 Colchos

121 765 201 826 uude
225 783 279 844 ego
304 772 334 824 et
357 765 455 824 auecti
477 765 644 823 timuissem
665 762 778 823 uellera
801 759 980 866 Phriqffi-

121 872 197 933 quos
220 856 279 912 iam
301 859 401 912 mente
418 851 502 932 dies,
526 868 614 930 quam
638 869 726 912 saeua
749 854 896 913 insomnia
919 856 1003 915 curis

123 939 288 1022 prospicio!
312 943 450 1020 quotiens
474 957 581 1000 raucos
605 939 641 1000 ad
664 939 760 1001 litoris
778 943 857 1002 ictus
885 1000 887 1004 ,
1089 958 1140 1008 330

117 1030 257 1090 deficiam
280 1028 308 1090 a!
334 1028 506 1107 Scythicum
529 1036 666 1088 metuens
688 1037 873 1108 pontumque
896 1039 1061 1112 petrasque

120 1136 176 1178 nec
200 1117 236 1177 de
260 1124 289 1176 te
314 1116 433 1177 credam
456 1118 567 1176 nostris
590 1119 706 1194 ingrata
728 1116 856 1178 serenis!

118 1207 170 1284 da,
192 1223 312 1286 precor,
336 1204 489 1283 amplexus
511 1204 698 1283 haesuraque
722 1205 815 1266 uerba
837 1206 975 1286 relinque

122 1292 245 1354 auribus
269 1300 299 1352 et
320 1291 995 1442 QWQQ-adextra?

119 1380 227 1443 talibus
250 1380 400 1441 Alcimede
424 1390 551 1462 maeret3
574 1383 627 1441 sed
651 1383 757 1443 fortior
807 1401 878 1443 eson
1089 1400 1139 1450 335

120 1469 258 1532 attollens
281 1470 369 1531 dictis
394 1472 522 1532 animos:
547 1466 576 1530 ‘o
599 1473 626 1530 si
648 1472 721 1531 mihi
744 1474 874 1554 sanguis,

120 1567 250 1640 quantus
274 1568 350 1641 erat,
374 1561 971 1653 ewrilenrsrnqfflmminantem

119 1666 181 1709 non
203 1647 326 1734 leuiore,
340 1648 466 1733 Pholum
488 1666 596 1729 manus
612 1647 899 1729 ,haeccompescuit
922 1669 1012 1732 auro;
1042 1692 1053 1699 -

108 1725 244 1816 'primus'
257 1730 289 1796 in
313 1739 420 1798 aeratis
443 1741 611 1817 posuissem
633 1738 784 1817 puppibus
808 1757 889 1800 arma

120 1842 325 1905 concussoque
349 1835 444 1887 ratem
466 1826 626 1905 gauderem
649 1826 753 1887 tollere
776 1845 868 1888 remo.
1088 1843 1139 1893 343

119 1914 172 1973 sed
194 1916 308 1993 patriae
327 1915 448 1975 ualuere
471 1934 577 1993 preces
601 1915 758 1993 auditaque
782 1917 895 1995 magnis

119 2011 190 2064 uota
213 2003 284 2064 deis.
330 2005 419 2063 uideo
442 2012 546 2064 nostro
569 2010 614 2065 tot
636 2006 668 2064 in
691 2022 820 2082 aequore
844 2022 931 2084 reges

119 2100 132 2152 t
194 2111 209 2151 3
233 2090 348 2153 ducem.
393 2092 481 2173 tales,
505 2092 578 2153 tales
602 2111 656 2171 ego
680 2094 790 2154 ducere
814 2102 918 2154 suetus

112 2110 332 2269 Qsequi.
378 2199 458 2240 nunc
481 2181 529 2241 ille
554 2180 617 2240 dies
641 2175 707 2262 (det
729 2181 863 2260 luppiter
886 2176 966 2264 oro),

118 2268 167 2327 ille
191 2286 294 2351 snper,
319 2277 430 2347 quote
456 2268 586 2348 Scythici
608 2272 747 2348 regisque
770 2272 957 2350 marisque'
1086 2285 1137 2337 345

119 2357 267 2416 uictorem
291 2356 530 2436 adquetumeros
554 2357 707 2418 ardentem
729 2358 842 2419 uellere
865 2367 950 2438 rapto

117 2445 260 2523 accipiam
283 2444 448 2524 cedantque
470 2454 539 2506 tuae
563 2464 629 2506 mea
652 2447 728 2507 lacta
749 2443 912 2508 iuuentae?

117 2534 161 2591 sic
180 2534 229 2592 ait.
274 2532 323 2591 ille
347 2551 402 2592 suo
425 2533 595 2613 conlapsam
617 2543 739 2614 pectore
763 2543 889 2596 matrem

116 2621 262 2680 sustinuit
284 2638 447 2700 magnaque
471 2641 574 2683 senem
597 2626 725 2704 ceruice
739 2626 861 2703 recepit.
894 2648 922 2726 q.

207 2707 245 2770 Et
258 2711 317 2768 iam
330 2709 397 2769 sinis
412 2719 488 2772 erat:
503 2710 730 2792 Zephyrumque
744 2721 899 2792 ratemque
914 2718 1059 2777 morantis
1083 2729 1136 2779 350

113 2797 249 2859 soluerat
272 2797 423 2877 amplexus
445 2801 526 2861 tristi
549 2800 621 2861 tuba
643 2803 731 2870 tertia
754 2805 847 2882 signo.

117 2885 188 2946 dant
210 2905 293 2949 remo
317 2905 371 2949 sua
394 2890 520 2967 quisquc
543 2892 615 2972 uiri,
638 2891 709 2952 dant
731 2894 851 2952 nomina
873 2893 1022 2955 transtris.

118 2974 188 3035 hinc
209 2975 326 3038 laeuom
349 2976 489 3038 Telamon
513 2978 635 3059 pelagus
658 2988 754 3062 tenet,
777 2981 862 3041 altior
885 2978 954 3040 inde
992 3059 994 3063 ¹

118 3073 244 3144 occupat
266 3065 382 3128 Alcides
405 3066 484 3129 abud
507 3085 601 3151 mare,
625 3077 725 3131 cetera
747 3069 843 3148 pubes

112 3150 274 3216 diuiditur:
298 3155 377 3215 celer
399 3156 550 3238 Asterion,
575 3175 664 3237 quem
686 3165 780 3219 matre
805 3156 961 3218 cadentem
1082 3169 1133 3220 355

115 3238 249 3303 Piresius
272 3246 389 3322 gemino
414 3245 487 3306 lauit
508 3254 593 3323 pater
617 3263 702 3306 amne
726 3244 873 3324 Cometes,

15 3355 18 3362 ·
115 3332 236 3404 segnior
259 3332 384 3410 Apidani
405 3334 487 3392 uires
511 3332 564 3393 ubi
587 3335 677 3393 sentit
699 3332 840 3411 Enipeus

115 3415 221 3476 nititur
244 3417 314 3480 hinc
337 3419 445 3481 Talaus
468 3420 628 3500 fratrisque
651 3419 806 3481 Leodocus
829 3429 917 3500 urget

114 3519 198 3562 remo
222 3512 305 3583 terga
328 3511 388 3589 sni,
411 3526 487 3586 quos
509 3507 608 3568 nobile
633 3508 758 3569 contulit
781 3509 884 3587 Argos,
