2362 3938
133 190 180 256 32
480 186 510 241 0.
529 184 667 240 VALERI
684 181 816 238 nuncet
922 234 925 239 .

133 347 257 417 ¹totaque
281 338 339 397 iam
363 335 473 416 sparsis
497 341 648 396 exarserat
670 332 767 394 insula
789 332 941 393 monstris,

136 426 186 488 illa
208 428 272 506 pias
295 431 406 486 armata
428 442 533 485 manus
557 418 637 502 ‘fuge
660 423 798 503 protinus
820 419 929 482 urbem

136 533 259 595 meque,
282 522 380 593 pater3
404 530 463 574 non
487 507 606 592 hostio,'
630 514 671 572 ait
694 506 766 571 ‘non
789 511 907 570 moenia
929 508 1000 569 laeti
1099 517 1137 567 tto

136 603 270 664 Thraces
285 602 407 683 habent3
422 609 559 662 nostrum
572 600 629 660 hoc
644 600 768 660 facinus.
782 617 820 658 ne
832 615 951 679 quaere,
966 597 1035 676 quis
1044 604 1137 658 auctor.

137 695 196 753 iam
221 693 304 773 suge,
328 693 387 752 iam
410 689 516 751 dubiae
541 688 652 750 donum
675 706 746 767 rape
769 689 879 748 mentis
902 694 933 747 et
956 703 1060 746 ensem

137 789 171 842 tu
194 784 309 861 potius,
332 781 490 858 miserere,
513 774 602 838 tene.’
649 785 721 838 tunc
745 776 855 855 excipit
878 783 961 837 artus

136 868 322 948 obnubitque
347 876 436 946 caput
459 869 642 945 tacitumque
667 866 703 926 ad
728 865 846 925 conscia
869 862 979 924 Raochi

139 957 248 1036 templa
271 959 362 1038 rapit,
384 959 541 1037 primoque
565 972 670 1016 manus
694 953 834 1014 ahmins
859 952 987 1013 tendens
1102 957 1139 1011 rat

138 1041 245 1106 ‘exime
270 1064 325 1105 nos
349 1044 469 1124 sceleri,
491 1051 590 1122 pater,
614 1051 643 1103 et
665 1044 809 1104 miserere
831 1043 952 1120 piorum
1034 1120 1037 1125 Ι

137 1129 257 1194 rursus’
276 1136 325 1193 ait.
372 1135 460 1192 tacita
482 1132 624 1212 pauidum
648 1139 719 1192 tunc
744 1131 813 1192 sede
836 1130 948 1190 locauit

137 1220 193 1280 sub
216 1219 343 1299 pedibus
367 1219 530 1298 dextraque
555 1220 615 1298 dei3
635 1218 707 1281 latet
729 1219 778 1280 ille
802 1225 943 1297 receptus

136 1316 222 1369 ueste
246 1326 342 1388 sacra3
366 1327 457 1368 uooes
480 1306 579 1369 tholus
604 1316 634 1368 et
656 1310 808 1369 trieterica
830 1306 961 1368 reddunt

134 1414 206 1457 acra
229 1415 336 1458 sonum
360 1397 493 1476 fixaeque
517 1397 650 1457 fremunt
672 1399 704 1457 in
727 1396 828 1458 limine
852 1398 954 1476 tigres.
1104 1403 1143 1454 tot

138 1489 240 1566 regina
263 1494 297 1548 ut
319 1488 415 1547 roseis
437 1486 584 1547 Auroram
608 1504 732 1565 surgere
755 1486 832 1566 bigis

138 1576 215 1650 uidit
239 1583 269 1636 et
292 1577 421 1638 insomni
444 1576 567 1637 lassatas
591 1574 711 1636 turbine
735 1574 854 1635 tandem

137 1665 319 1725 conticuisse
343 1667 460 1746 domos,
483 1664 620 1726 stabilem
643 1663 760 1743 quando
784 1664 895 1744 optima
919 1663 997 1722 iacta

137 1751 210 1811 dant
233 1755 365 1814 animum
388 1757 540 1832 maiorque
564 1754 622 1831 piis
646 1752 768 1813 audacia
791 1753 914 1831 coeptis,
997 1753 1004 1768 “

137 1847 218 1900 serta
240 1844 318 1922 patri
341 1838 520 1921 iuuenisque
545 1859 660 1901 comam
682 1848 843 1925 nestesque
867 1837 956 1918 Lyaei
1107 1846 1150 1899 tta

135 1929 234 1990 induit
257 1938 287 1993 et
308 1932 439 1992 medium
462 1950 554 1992 curru
576 1930 654 1990 locat
677 1948 804 2008 aeraque
827 1930 942 1990 circum

138 2027 333 2099 tympanaque
358 2028 387 2080 et
409 2020 512 2098 plenas
530 2021 620 2080 tacita
642 2019 799 2079 formidine
824 2021 921 2078 cistas

137 2108 202 2186 ipsa
225 2110 309 2168 sinus
331 2108 510 2187 hederisque
534 2108 605 2187 ligat
628 2106 820 2168 famularibus
843 2114 925 2167 artus

136 2197 382 2276 pampineamque
406 2200 501 2274 quatit
523 2199 657 2256 uentosis
680 2196 789 2257 ictibus
811 2195 926 2256 hastam

137 2285 316 2366 respiciens,
340 2292 441 2345 tencat
464 2285 576 2346 uirides
600 2284 695 2345 elatus
718 2285 848 2345 habenas
1108 2294 1157 2346 tto

139 2377 173 2430 ut
195 2378 294 2452 pater,
317 2375 348 2432 in
372 2375 460 2433 niuea
483 2382 618 2434 tumeant
640 2381 674 2433 ut
697 2391 809 2433 cornua
832 2376 920 2434 mitra

139 2466 169 2517 et
193 2476 278 2518 sacer
301 2468 335 2520 ut
357 2459 506 2522 bacchum
530 2462 642 2521 reserat
665 2459 803 2541 scyphus.
849 2461 958 2541 inpulit
980 2457 1050 2522 acri

138 2553 203 2606 tum
226 2546 340 2608 ualidas
363 2548 492 2609 stridore
516 2550 596 2609 iores
619 2551 793 2629 rapiturque
817 2569 872 2630 per
895 2550 1003 2612 urbem

138 2633 207 2695 talia
230 2653 305 2696 uoce
330 2654 452 2697 canens:
477 2633 589 2715 ‘linque
613 2657 630 2698 o
654 2636 727 2698 mihi
751 2638 839 2699 caede
863 2640 1043 2721 madentem,

66 2757 70 2765 ·
141 2720 270 2805 Bacche,
294 2726 428 2805 domum3
452 2728 516 2786 sine
539 2727 690 2788 foedatum
714 2734 743 2787 te
767 2728 871 2788 funere
894 2736 1006 2808 pontus
1110 2740 1162 2792 276

136 2813 239 2891 expiet
261 2821 291 2874 et
315 2814 443 2874 referam
467 2814 544 2876 lotos
567 2818 598 2876 in
621 2816 731 2895 templa
755 2812 920 2879 dracones?

138 2902 182 2960 sic
204 2902 319 2964 medios
343 2922 463 2984 egressa
485 2913 596 2987 metus3
621 2907 692 2968 sacit
714 2908 778 2988 ipse
801 2906 964 2968 uerendam

138 3007 207 3051 nam
230 2990 304 3052 deus
328 3001 358 3053 et
380 2991 452 3054 ssatu
471 3014 531 3056 non
554 2997 648 3057 inscia
672 2996 770 3076 gliscit
793 2996 906 3058 anhelo.

139 3079 259 3157 iamque
282 3099 386 3143 senem
408 3086 507 3145 tacitis
530 3104 619 3147 saeua
641 3086 747 3165 procul
771 3086 846 3146 urbe
869 3092 1019 3145 remotum
1100 3122 1103 3127 ·

138 3167 290 3228 occulerat
313 3170 410 3253 siluiS,
434 3175 528 3251 ipsam
552 3174 604 3235 sed
628 3175 767 3233 conscius
791 3175 855 3233 ausi
1107 3185 1162 3237 280

128 3263 226 3317 ,nocte
250 3256 358 3337 dieque
380 3279 475 3338 pauor
498 3262 691 3339 fraudataque
714 3258 816 3320 turbat
837 3258 953 3336 Erinys.

136 3357 198 3401 non
222 3345 333 3406 similes
356 3349 414 3408 iarn
437 3349 517 3408 ferre
541 3350 648 3409 choros
671 3341 780 3429 (semel
803 3348 885 3424 orgia
907 3342 1030 3429 fallunt)

57 3467 60 3473 -
136 3427 239 3509 audet,
263 3450 323 3493 non
346 3437 458 3512 patrios
482 3437 571 3497 furtis
593 3434 736 3496 accedere
759 3432 860 3512 salmo,
