2376 3938
309 171 600 255 mucosumcou
618 177 728 234 omne
745 178 779 235 v.
872 168 877 177 '
1005 178 1047 242 91

33 323 186 388 montibus
209 321 332 384 Alciden
354 323 513 385 dimissaue
536 333 606 386 uota
628 322 825 410 retemptet'l)

32 430 160 495 pergere
183 413 242 473 iter
265 413 353 492 socii3
375 420 492 473 tantum
513 415 662 475 mirantur
684 415 721 476 ab
744 415 803 477 alto

33 503 122 565 litora
144 500 278 585 discussa
301 501 396 560 sterni
418 502 488 561 niue
511 510 660 582 ruptaque
683 521 752 564 saxa

35 599 66 653 et
89 587 177 651 simm
199 591 352 669 ingentem
374 588 567 650 moribundae
591 590 721 672 desuper
743 591 880 654 umbram
997 606 1048 656 1⁷5

9 704 12 715 ·
34 679 112 740 alitis
134 677 230 756 adque
253 679 327 738 atris
349 685 485 738 rorantes
508 677 654 740 imbribus
677 699 773 741 auras.

80 765 131 828 Sol
152 767 277 846 propius
299 765 467 827 flammabat
490 784 593 848 aquas,
616 775 809 848 extremaque
831 770 919 832 fessis

32 861 173 935 coeperat
195 861 312 934 optatos
335 855 393 914 iam
415 854 466 915 lux
488 855 646 917 ostendere
661 855 804 938 Colchos,

33 960 159 1023 magnus
182 941 235 1003 ubi
257 941 417 1003 aduersum
440 945 590 1023 spumanti
611 944 716 1005 Phasis
738 947 770 1006 in
793 962 905 1026 aequor

34 1050 86 1093 ore
110 1032 179 1091 ruit.
225 1031 326 1091 cuncti
347 1033 460 1111 pariter
482 1031 546 1091 loca
569 1031 669 1094 debita
691 1042 819 1095 noscunt
996 1048 1048 1098 180

34 1123 176 1199 signaque
201 1127 432 1180 commemorant
455 1138 650 1200 emensasque
673 1121 777 1183 ordine
801 1131 913 1205 gentes,

33 1208 163 1286 dantque
186 1213 282 1267 ratem
304 1207 405 1268 fluuio.
450 1208 538 1270 simul
560 1209 681 1270 aethere
703 1210 791 1289 plena
814 1229 939 1273 corusco

32 1295 129 1356 Pallas
152 1302 183 1355 et
205 1294 354 1375 alipedum
375 1295 450 1356 luno
472 1300 541 1377 iuga
559 1299 638 1359 sistit
660 1316 815 1376 equorum.

78 1385 120 1445 hc
142 1383 214 1444 dum
236 1386 332 1463 prima
354 1387 438 1462 graui
460 1385 568 1446 ductor
590 1385 672 1447 subit
694 1390 770 1448 ostia
792 1388 890 1468 pulsu,

32 1472 177 1552 popadeos
200 1471 296 1532 flexus
314 1473 521 1552 tumulumque
544 1476 672 1534 uirentia
690 1493 781 1553 supra
994 1488 1047 1538 185

32 1561 157 1622 flumina
180 1563 297 1638 cognati
318 1560 416 1620 medio
439 1561 522 1622 uidet
545 1579 651 1639 aggere
673 1561 784 1641 Phrixi,
898 1592 906 1605 ·

33 1666 124 1728 quem
148 1665 246 1708 comes
270 1648 372 1708 infelix
389 1651 502 1728 pariter
525 1648 561 1708 de
580 1666 728 1709 marmore
752 1651 833 1709 iuxta

31 1744 92 1799 stat
115 1753 213 1816 soror,
235 1735 305 1797 hinc
329 1754 433 1797 saeuae
458 1736 614 1797 formidine
637 1744 749 1797 maesta
770 1754 927 1818 nouercae,

31 1824 102 1886 inde
126 1826 216 1884 maris
238 1824 404 1903 pecudique
428 1827 536 1885 timens
559 1827 702 1905 inponere
721 1825 841 1904 palmas.

30 1915 140 1974 sistere
164 1920 229 1973 tum
251 1914 348 1973 socios
371 1912 454 1974 iubet
477 1913 572 1992 adque
594 1913 665 1974 hinc
687 1916 783 1992 prima
805 1913 890 1992 ligari
994 1928 1064 1978 loo·

31 2000 166 2081 uincula,
190 2018 246 2061 eeu
267 2001 394 2079 Pagasas
416 2004 605 2080 patriumque
629 2004 787 2063 intrauerit
809 2020 933 2064 amnem.

32 2092 98 2169 ipse
122 2091 207 2168 graui
229 2096 331 2168 patera
354 2092 431 2149 sacri
453 2089 591 2150 libamina
613 2089 722 2150 Bacchi

30 2179 92 2239 rite
115 2179 215 2238 serens
238 2177 374 2238 umbram
396 2185 484 2238 uocat
508 2185 537 2238 et
560 2180 603 2237 sie
626 2178 706 2239 fatur
729 2178 764 2239 ad
788 2197 867 2239 aras:

32 2263 101 2346 ‘per
123 2283 217 2344 genus
241 2265 336 2344 adque
359 2284 446 2345 pares
469 2272 570 2326 tecum
592 2267 677 2347 mibi,
699 2266 822 2347 Phrixe,
844 2265 961 2328 labores

32 2364 82 2435 tu,
104 2372 225 2434 precor,
249 2372 316 2415 orsa
339 2372 424 2433 regas
448 2373 555 2434 meque
577 2354 625 2414 his
648 2356 756 2415 tuteris
779 2357 810 2414 in
833 2357 894 2415 oris
994 2366 1045 2417 loo

32 2449 79 2504 tot
102 2443 189 2523 ireta,
212 2450 256 2503 tot
278 2460 368 2522 prora
389 2445 562 2523 properanti
585 2442 683 2503 sidera
704 2460 832 2522 passum.

32 2530 156 2611 Phrixe,
179 2531 245 2592 iane
270 2540 299 2592 et
321 2533 431 2610 patrias
454 2531 589 2611 placidus
612 2533 804 2592 reminiscere
828 2538 931 2593 terras.

32 2628 68 2680 tu
92 2636 210 2698 quoque
234 2637 327 2700 nune,
350 2619 464 2681 tumulo
488 2623 669 2700 nequiquam
692 2620 810 2681 condita
832 2622 921 2702 inani,

32 2707 130 2769 adnue
153 2707 222 2768 diua
245 2710 334 2768 maris
357 2727 541 2788 numeroque
565 2708 672 2769 accede
695 2716 824 2769 tuorum.

33 2795 152 2874 quando
176 2803 293 2874 egomet
315 2813 421 2856 rursus
444 2814 499 2874 per
521 2804 551 2856 te
574 2792 689 2857 uehar?
712 2813 802 2856 aurea
825 2795 942 2874 quando
993 2807 1045 2857 too

34 2883 142 2944 Seston
166 2891 196 2943 et
218 2882 363 2942 infaustos
387 2882 568 2960 adgnoscent
590 2883 702 2943 uellera
724 2879 854 2944 fluctus?

32 2990 89 3033 uos
113 2973 202 3031 etiam
225 2967 326 3049 siluae,
349 2986 404 3028 uos
428 2968 584 3029 Colchidos
606 2969 731 3047 hospitis
754 2986 833 3047 orae,

31 3059 167 3140 pandite,
191 3056 276 3117 dIues
299 3055 351 3117 ubi
372 3056 458 3136 pellis
480 3057 571 3117 micet
589 3054 695 3116 arbore
718 3073 810 3116 saera.

32 3156 106 3207 tune
130 3143 197 3225 tibi,
220 3143 341 3205 secundi
362 3143 462 3223 proles
484 3143 577 3226 louis,
600 3150 666 3204 orte
689 3142 780 3204 niuali

32 3232 164 3294 Arcados
187 3250 239 3293 axe
264 3232 351 3313 deae,
374 3232 466 3293 fluuio
489 3232 590 3312 modo,
613 3230 715 3311 Phasi,
738 3233 839 3311 quieto
993 3240 1045 3292 tot
1130 3308 1132 3312 .

32 3321 192 3382 Palladiam
214 3324 326 3402 patiare
350 3329 458 3402 ratem,
480 3339 537 3381 nec
560 3321 649 3400 dona,
673 3338 728 3380 nec
750 3337 818 3380 arae

34 3409 185 3472 defuerint
208 3411 314 3472 tellure
338 3428 417 3492 mea;
440 3409 665 3488 reuerendaque
689 3410 765 3469 natis

33 3498 148 3578 effigies
171 3507 215 3580 te,
237 3499 338 3582 Phasi,
362 3507 474 3580 manet,
497 3516 586 3578 quam
609 3515 734 3577 magnus
756 3495 889 3576 Enipeus
