2376 3938
234 140 237 144 ⁴
311 184 415 219 noram
433 184 540 221 visura
558 184 655 221 rosum
675 166 773 222 XXIV.
793 172 906 223 26-28.
1021 165 1082 230 607

126 314 238 389 partitio
254 307 456 386 appellatur:¹
480 321 508 369 ut
524 322 589 387 puta
605 305 687 392 (loc)
703 314 797 370 modo:
819 329 920 372 usses
931 331 1010 372 saure
1022 328 1085 370 ovea

127 413 215 457 rrrro
237 413 465 455 sensumsensurn
483 413 571 454 uranu
590 412 740 469 susurro,
760 414 921 467 n1v1o1r03
945 414 999 471 quo
1020 413 1085 454 cusu

127 482 232 539 dimidia
248 497 311 555 pors
326 480 460 537 honorum
477 475 576 538 ’Tili02
597 481 684 555 legato
699 482 821 538 uidetur:
842 490 935 556 potest
951 490 1040 537 nutem
1056 489 1084 537 ct

127 567 174 622 alia
190 582 271 639 pers,
288 565 364 621 uelut
380 567 459 621 tertia
474 564 550 621 uelut
565 574 676 638 quarto,
693 566 791 638 legari.

187 645 238 706 26.
265 643 461 705 ³Ususiruotus
483 649 569 722 legari
592 656 684 722 potest
704 650 763 704 iure
782 649 855 705 ciuili
871 664 961 705 eurum
982 664 1084 721 rerum,

126 727 264 806 ’querum⁴
278 731 355 788 salua
371 732 521 788 substantia
535 733 732 789 utendilruendi
752 732 881 805 'potestus
896 740 938 788 est
957 741 984 788 et
999 732 1081 788 locul-

71 811 197 886 trusus?
212 825 241 874 et
258 826 313 873 tom
328 816 495 890 singularum
511 832 610 886 rerum,
624 832 702 890 quum
718 808 862 890 plurium.⁶
889 811 936 873 27.
953 808 1084 873 ⁷Senetus

129 900 253 959 consulto
269 909 377 958 cautum
393 908 452 971 est,
477 908 506 955 ut
521 901 625 956 etiamsi
639 917 730 956 carum
746 917 849 968 rerum,
872 915 940 973 quae
955 899 983 954 in
998 898 1084 956 abusu
1094 910 1165 962 suot
1179 930 1188 947 a

129 987 321 1055 continentur,
342 993 373 1040 ut
387 991 452 1056 puta
470 975 473 1060 )
492 985 564 1056 uiui,
587 984 654 1053 olei,
677 985 759 1039 tritici
781 983 953 1041 ususfructus
976 982 1083 1056 legatus

128 1071 176 1140 sit,
197 1069 332 1142 legatario
348 1084 391 1124 res
408 1066 562 1138 truduntur,
584 1066 754 1123 cautionibus
773 1069 939 1141 interpositis
955 1068 989 1125 de
1004 1069 1083 1124 resti·

128 1152 236 1210 tuendis
252 1153 307 1222 eis,
325 1168 386 1209 cum
402 1151 572 1207 ususfructus
588 1151 621 1207 ed
635 1148 794 1225 legatarium
810 1153 947 1225 pertinere
962 1151 1082 1212 desierit.

189 1232 239 1293 28.
265 1229 438 1291 sciuitatibus
462 1233 599 1305 omnibus,
623 1251 690 1308 quae
712 1235 763 1290 sub
786 1236 897 1309 imperio
919 1237 1016 1309 populi
1031 1236 1083 1293 uo·

127 1322 197 1376 marri
219 1328 300 1384 sunt,
324 1319 408 1392 legari
429 1326 536 1392 potest3
560 1318 642 1390 idque
663 1334 678 1373 a
700 1318 763 1374 diuo
779 1319 866 1375 Nerua
887 1319 1084 1392 introductum,

127 1412 223 1477 postea
238 1420 253 1458 a
268 1411 365 1459 senatu
381 1410 491 1458 auctore
506 1401 646 1458 Hadriano
664 1401 820 1476 diligentius
838 1405 1015 1461 coustitutum
1031 1412 1082 1459 est.

127 1631 152 1673 el
166 1624 201 1672 ad
215 1625 357 1687 marginem
371 1622 501 1687 ablepaia,
513 1629 604 1687 postea
619 1624 646 1670 in
657 1623 710 1686 fine
723 1624 746 1684 ὅ.
761 1633 794 1674 iu.
809 1623 873 1674 lraec
888 1624 966 1673 uerba
980 1626 1083 1672 intrusa

128 1708 189 1752 esse,
205 1694 269 1742 milti
279 1707 433 1756 persuasum
447 1699 491 1742 est.
551 1691 570 1758 l)
585 1693 658 1742 Haec
672 1709 771 1758 quoque
785 1693 862 1743 uerba
877 1694 943 1744 idem
956 1694 1084 1742 librarius

128 1765 152 1813 lt.
168 1767 198 1822 l.,
214 1766 257 1812 cui
272 1765 347 1812 unice
362 1765 514 1813 conueniunt
532 1761 578 1828 (cf.
596 1763 652 1813 Gai.
667 1774 692 1821 2,
707 1763 756 1826 254)
772 1766 873 1826 expulit
890 1771 916 1813 et
934 1766 960 1812 in
976 1765 1028 1827 sinc
1047 1765 1083 1826 δι’,

129 1834 172 1884 ubi
186 1834 244 1884 edd.
260 1849 290 1882 ea
305 1835 476 1891 retinuerunt,
491 1835 574 1897 inepte
584 1835 693 1888 locauit,·
707 1836 836 1896 expellere
846 1841 928 1882 autem
938 1849 1000 1882 sane
1009 1833 1082 1884 debe·

129 1904 179 1963 bai,
194 1905 218 1953 si
231 1903 283 1953 sibi
297 1903 431 1953 constabat
444 1902 505 1968 (uid.
522 1911 572 1954 nat.
587 1901 713 1968 anteced.)
718 1921 728 1959 ,·
746 1905 850 1966 eiusque
864 1906 1024 1952 constantiae
1038 1919 1083 1952 nr-

126 1981 272 2040 pumentum
286 1981 332 2032 est,
348 1974 416 2038 qnod
430 1976 505 2023 etiam
521 1970 591 2029 ‘lroc'
603 1981 695 2037 postea
710 1975 802 2030 omisit,
817 1972 961 2022 arbitratus
974 1973 1084 2032 scilicet,

129 2046 172 2094 liic
186 2047 328 2107 exemplum
344 2042 465 2094 ‘summae
480 2046 660 2093 uniuersorum
674 2059 761 2093 rerum
775 2039 886 2108 leputae'
902 2043 1044 2102 excidisse,
1058 2051 1085 2092 et

132 2112 227 2166 ‘ruodo'
244 2130 334 2165 nouam
347 2117 456 2178 speciem
470 2117 549 2180 lepati
562 2116 691 2178 incipere,
707 2129 772 2178 quae
786 2121 852 2163 esset
865 2116 984 2177 partitio.
1012 2113 1045 2163 In
1059 2130 1082 2164 o.

132 2182 301 2249 ‘appellatur’
318 2201 379 2235 uero
394 2186 490 2249 infelix
503 2185 575 2235 leonto
589 2184 672 2235 lraesit
686 2187 792 2248 ideaque
802 2186 921 2234 lacunam
930 2186 1035 2249 reliquit
1044 2184 1083 2250 (in

132 2272 181 2320 qua
194 2257 326 2306 recentior
341 2270 430 2305 manus
444 2255 473 2304 id
485 2270 520 2304 ex
534 2257 637 2320 inpenia
651 2253 796 2321 suppleuit),
811 2257 871 2318 quia
885 2270 915 2305 eo
929 2258 994 2314 loco,
1011 2272 1083 2320 quem

131 2327 181 2375 iam
194 2326 236 2375 liis
250 2326 335 2376 uerbis
349 2327 537 2390 assipnauerat,
547 2326 614 2375 lianc
624 2328 853 2376 constructionem:
866 2340 925 2389 quae
936 2328 1029 2389 species
1040 2342 1084 2390 par

132 2397 193 2445 Titio
208 2399 235 2445 in
249 2398 361 2445 animum
374 2396 425 2445 sibi
438 2394 587 2446 inculcavit.
639 2392 660 2461 2)
674 2395 718 2445 Ex
726 2395 825 2445 Scltult.
836 2398 867 2458 ej.
879 2397 978 2455 addidi,
989 2412 1045 2446 cum
1056 2399 1083 2446 in

136 2466 194 2515 Vat.
209 2467 234 2515 li.
250 2468 266 2516 l.
281 2468 418 2530 spatiolum
431 2464 494 2530 (nan
510 2468 637 2516 intellecta
651 2481 687 2516 sc.
703 2467 735 2514 tio
750 2488 784 2508 =
799 2466 875 2527 tium
891 2467 912 2514 ci
922 2465 970 2531 Bp.
982 2466 1026 2533 ej.)
1041 2482 1083 2516 re-

132 2539 274 2586 lictumsil.
299 2536 362 2586 Post
377 2552 428 2599 pro
448 2540 529 2587 altero
549 2537 710 2585 uelutmalim
725 2537 770 2584 uel.
836 2532 910 2602 8)0[.
922 2553 966 2599 pr.
981 2539 1004 2598 §-
1020 2550 1040 2587 1.
1060 2536 1082 2586 I.

130 2608 161 2656 de
177 2607 260 2670 usufr.
275 2604 306 2673 (2,
320 2606 352 2672 4).
377 2607 408 2655 Ι..
423 2619 450 2658 43
461 2609 507 2669 fin.
530 2607 562 2655 D.
582 2607 614 2656 dc
633 2609 715 2669 ususr.
731 2609 779 2671 lep.
794 2604 843 2672 (23,
858 2606 889 2672 2).
915 2607 968 2658 ute.
986 2606 1046 2669 Tap.
1061 2619 1083 2658 s.

129 2679 258 2740 §§.15.1t.
310 2674 331 2742 ⁴)
351 2677 490 2726 Videamus
504 2692 535 2726 ne
548 2677 597 2727 lroc
607 2677 706 2740 sactum
720 2679 755 2725 sit
768 2691 802 2726 ex
816 2692 847 2740 qu
857 2676 920 2740 (pro
934 2674 968 2740 qb
982 2698 1016 2718 =
1032 2677 1083 2740 qui·

129 2746 288 2812 bus)eorun1.
347 2745 369 2812 ὅ)
383 2754 462 2810 potest
475 2754 511 2798 ee.
527 2747 624 2796 lucullos
644 2746 703 2796 Vnt.
723 2753 873 2809 potestesse
893 2748 991 2796 incultas
1010 2748 1085 2803 edd:

129 2819 200 2883 quod
217 2819 331 2882 quamuis
350 2821 479 2867 molestum
492 2820 612 2876 tulissem,
628 2818 680 2866 nisi
693 2819 754 2866 illae
769 2824 844 2866 nolae
859 2832 939 2881 aeque
950 2819 1031 2882 facile
1046 2820 1084 2866 ita

130 2895 157 2938 ut
171 2903 219 2953 epo
234 2889 303 2950 feci,
322 2890 520 2951 explicarentur
538 2895 562 2936 et
580 2886 705 2951 Ulpianus
719 2887 750 2936 L.
765 2899 798 2937 21.
818 2889 841 2949 ξ.
856 2898 876 2938 2.
901 2888 932 2936 Ι).
948 2890 979 2937 de
994 2891 1082 2938 noxal.

129 2966 180 3008 act.
203 2956 239 3023 (u,
256 2957 280 3023 4)
297 2960 402 3022 pariter
427 2955 586 3020 ‘facultatem
607 2966 631 3007 et
647 2954 808 3021 potestatem’
835 2960 1026 3014 coniunxisset;
1048 2959 1083 3020 cs.

128 3030 206 3078 etiarn
223 3043 305 3091 supra
321 3040 403 3087 24,15.
477 3024 498 3093 6)
517 3028 576 3077 Hoc
592 3029 708 3085 addidit,
728 3027 796 3092 quod
814 3030 890 3077 etiam
905 3029 1084 3077 universarum

128 3114 218 3148 rerum
231 3113 351 3148 summam
372 3100 457 3164 lepori
470 3113 547 3161 posse
566 3106 642 3147 antea
660 3099 774 3147 dixerat.
810 3098 923 3147 Ceterum
942 3098 976 3159 cf.
992 3104 1042 3144 not.
1058 3108 1086 3146 10

129 3170 165 3218 ad
179 3180 213 3227 24,
228 3179 262 3220 25.
314 3166 334 3233 ⁷)
350 3169 387 3232 Cf.
404 3171 427 3230 ᾖ.
442 3180 462 3218 2.
477 3168 509 3217 ·Ι,
524 3170 555 3218 de
570 3168 652 3232 usufr.
669 3168 753 3231 ibique
766 3166 907 3217 Schrader.
960 3163 981 3231 8)
998 3166 1035 3227 Cf.
1051 3165 1082 3214 L.

128 3251 176 3290 117.
197 3250 236 3289 122
254 3255 295 3302 pr.
316 3239 346 3287 L.
362 3249 396 3291 32.
416 3241 439 3300 ξ.
459 3250 479 3289 2.
500 3239 532 3286 Ι).
551 3239 583 3288 de
597 3241 645 3303 lep.
660 3252 680 3289 1.
702 3239 807 3288 Callatis
821 3247 859 3296 22,
873 3249 894 3285 4.
909 3246 930 3287 5.
949 3236 1013 3285 laec
1027 3251 1084 3284 sen·

129 3311 210 3358 tentia
219 3310 334 3373 supitiua
344 3324 399 3359 esse
410 3310 495 3358 uideri
507 3311 598 3372 possit,
612 3310 734 3372 ponenda
742 3314 802 3370 post
815 3308 837 3367 ξ.
849 3318 881 3357 18.
902 3305 955 3356 Sed
968 3309 1084 3370 exemplo

129 3381 168 3441 ἐξ.
185 3392 281 3431 12-14.
302 3377 363 3445 (oid.
384 3379 420 3428 ibi
439 3387 490 3429 nat.
506 3378 550 3444 11.)
574 3378 699 3442 Ulpianus
718 3378 882 3427 universitati
901 3393 999 3435 rerum,
1020 3393 1085 3442 quae

129 3451 202 3513 ipsae
219 3464 357 3514 quarumve
374 3450 470 3513 usasfr.
490 3451 620 3514 leparctur
634 3448 683 3514 (ἐξ.
698 3460 732 3501 25.
748 3446 805 3513 iu),
825 3450 1026 3507 uniuersitatem,
1042 3449 1086 3498 cui

129 3522 215 3586 lepori
224 3527 321 3585 posset,
336 3522 484 3585 opposuisse
498 3521 609 3570 uidetur.
