2362 3938
457 182 672 239 remunero.
1030 185 1070 240 rx
1142 172 1144 177 ’

55 329 187 407 [Anthol.
211 329 259 390 lat.
282 331 317 390 R.
341 330 353 388 l
376 349 404 409 p.
427 329 494 406 48].
520 364 560 374 --
586 331 637 391 sed
662 331 697 391 ad
712 330 860 392 Valerium
884 341 919 393 ut
940 333 1072 414 redeam,

52 422 82 478 in
117 419 177 477 fine
210 417 316 477 huius·
333 419 473 479 editionis
504 418 598 479 adieci
631 419 761 480 tabulam
792 417 928 480 locorum
965 439 1069 480 eorum

47 505 164 594 ,quihus
187 505 236 565 ille
251 525 289 567 ex
303 505 431 585 Vergilio
454 508 583 586 pendeat
596 516 648 568 aut
671 515 752 568 certe
774 508 906 587 pendere
920 508 1068 570 uideatur.

54 612 152 674 neque
177 596 256 654 enim
279 594 360 654 illam
383 597 426 655 sic
450 598 544 674 accipi
566 597 645 676 uolo,
667 603 817 674 tamquam
836 596 974 656 omuibus
996 596 1073 656 locis

53 685 252 744 imitationem
284 701 350 743 esse
383 685 563 763 exploratam
593 692 711 765 putem3
743 687 833 745 immo
865 684 944 746 haud
975 703 1069 763 pauca

54 772 132 852 loca,
164 774 195 830 in
224 789 299 849 quae
327 772 407 849 quod
440 791 531 852 supra
563 773 599 832 de
632 773 824 834 similitudine
856 775 976 834 lortuita
1009 772 1070 832 dixi

55 859 153 940 cadat,
177 877 225 919 me
249 859 366 920 dedisse
389 860 483 938 probe
507 863 583 941 soio;
612 862 669 922 sed.
692 869 791 922 tamen
819 861 922 922 talium
949 879 1070 940 quoque

53 950 190 1008 locorum
212 947 382 1008 obseruatio
406 957 542 1009 accurata
567 967 651 1010 suam
673 949 762 1009 habet
784 948 951 1011 utilitatem.
984 966 1068 1028 prae·

54 1047 101 1097 ter
125 1035 286 1113 Vergilium
315 1055 387 1096 num
415 1038 487 1097 alios
512 1047 617 1116 poetas
646 1038 793 1098 Romanos
821 1041 985 1099 imitatione
1018 1056 1067 1098 ex·

53 1127 200 1204 presserit
222 1124 369 1205 Valerius,
394 1140 427 1185 ea
450 1144 500 1186 res
523 1125 682 1186 admodum
704 1129 819 1187 incerta
843 1135 896 1187 est.
942 1145 1010 1187 nam
1033 1145 1069 1186 ex

54 1213 178 1292 Ouidio,
209 1216 261 1290 qui
292 1214 413 1291 quidem
441 1221 543 1274 certus
571 1216 610 1274 sit
633 1223 720 1294 atque
753 1214 952 1296 indubitatus,
985 1215 1070 1275 locus

53 1301 170 1362 adlatus
198 1309 244 1360 cst
268 1301 375 1361 nullus.
422 1321 457 1362 ex
485 1302 604 1363 Lucano
634 1301 712 1381 [Vlll
742 1301 805 1364 176
835 1302 914 1383 squ]
943 1311 1071 1382 possunt
1174 1336 1176 1344 ι

53 1391 152 1449 uideri
178 1389 299 1450 fluxisse
330 1409 437 1450 uersus
464 1393 516 1468 qui
543 1392 683 1468 leguntur
710 1389 893 1453 1161-65
921 1385 966 1472 (id
990 1390 1069 1469 quod

52 1479 129 1537 bene
158 1478 234 1537 uidit
261 1477 466 1557 Weytiughins
494 1480 530 1538 ad
557 1479 675 1538 Homer.
705 1478 767 1538 Lat.
794 1498 822 1557 p.
851 1476 916 1540 329
953 1473 1011 1559 sq.)
1040 1486 1070 1537 et

52 1569 141 1646 pauci
165 1565 222 1625 alii.

143 1654 235 1714 Multo
259 1663 358 1715 autem
381 1657 473 1734 magis
496 1663 543 1715 est
565 1655 696 1736 dubium,
720 1654 829 1732 qtribus
847 1654 955 1714 Valerii
978 1655 1069 1731 Argo-

55 1746 173 1803 nautica
209 1744 306 1823 poetis
342 1743 569 1821 insequentibus
607 1742 741 1822 exemplo
778 1743 892 1802 inerint
932 1751 961 1802 et
998 1745 1070 1820 ipsa.

55 1850 123 1891 nam
148 1849 223 1910 quae
247 1831 311 1890 loca
335 1831 440 1891 Silium
463 1832 642 1892 aemulatum
670 1849 736 1892 esse
761 1831 956 1891 Scheukelius
985 1838 1068 1910 puta-

56 1923 113 1999 uit,
152 1938 185 1979 ea
223 1937 296 1979 uero
334 1921 489 1979 maximam
521 1928 637 1999 partem
672 1918 757 1980 nihili
800 1937 866 1979 esse
903 1920 1069 1979 rectissime

55 2010 171 2067 monuit
200 2026 296 2086 nuper
319 2007 507 2068 Hermannus
535 2008 666 2069 Blassius
693 2011 724 2068 in
747 2006 932 2067 Fleckeiseni
960 2005 1070 2066 annali-

55 2097 111 2155 hus
137 2094 175 2172 [a.
202 2093 287 2156 1874
310 2116 338 2175 p.
361 2093 428 2156 494
451 2095 538 2175 sqq.].
584 2115 678 2157 unum
706 2097 834 2156 Statium
861 2095 910 2155 hic
938 2095 1011 2175 illic,
1038 2097 1070 2154 in

54 2184 220 2244 enarranda
248 2187 374 2244 maximo
406 2188 542 2246 uirorum
569 2185 796 2246 Lemniacorum
828 2186 931 2264 caede,
962 2183 1071 2243 Valerii

55 2273 205 2351 exemplar
233 2272 337 2333 sedulo
365 2272 542 2334 obseruasse
575 2284 698 2334 constat.
745 2291 813 2332 nam
845 2274 881 2333 de
910 2272 1069 2334 Claudiano

54 2380 104 2420 res
133 2359 221 2420 dubia
250 2370 307 2442 est,
337 2380 515 2440 quamquam
542 2365 573 2421 in
596 2363 749 2440 opusculis
777 2362 814 2421 de
837 2368 925 2440 raptu
948 2361 1072 2422 Proser-

54 2452 142 2527 pinae
166 2449 307 2510 nonnulla
330 2449 379 2508 ille
409 2468 469 2510 non
502 2452 565 2511 sine
600 2451 805 2511 recordatione
835 2458 943 2529 poetae
974 2450 1071 2510 nostri

55 2540 213 2616 scripsisse
240 2546 348 2616 potest.
394 2538 446 2598 sed
475 2541 607 2598 omnium
635 2539 792 2599 falsissima
824 2547 871 2599 est
899 2537 1077 2598 Schenkelii·

55 2625 92 2685 de
117 2624 239 2686 Claudio
263 2625 356 2686 Mario
379 2625 498 2686 Victore
521 2626 629 2688 Valerii
652 2630 800 2689 imitatore
824 2627 932 2705 opinio.
978 2642 1072 2687 unum

55 2714 260 2774 tantummodo
284 2714 476 2775 Dracontium
499 2733 533 2773 ex
558 2716 670 2776 ultimis
692 2717 810 2794 imperii
828 2715 953 2774 Romani
977 2716 1070 2792 scrip·

55 2800 171 2861 toribus
196 2804 266 2861 noui
290 2821 380 2880 quem
396 2802 552 2864 ¹Valerium
571 2821 631 2864 nou
646 2807 709 2865 sine
729 2807 829 2865 lructu
853 2803 959 2881 legisse
978 2803 1075 2880 possit

58 2890 221 2970 adllrmari;
245 2900 326 2951 certe
350 2894 381 2951 iu
406 2894 535 2952 carmine
559 2891 638 2952 illius
665 2892 702 2951 de
730 2900 817 2970 raptu
839 2889 930 2969 Hylae
954 2906 1073 2967 compo·

56 2980 113 3036 sito
136 2978 281 3056 quaedam
304 2980 463 3040 lectionem
485 2979 669 3039 Valerianam
692 2987 794 3058 aperte
816 2977 955 3056 produnt.

145 3067 343 3146 Argonautica
358 3070 447 3128 unico
462 3067 564 3129 codice
589 3067 703 3126 scilicet
726 3066 865 3125 Vaticano
885 3060 970 3124 3277
996 3079 1072 3125 saec.

57 3153 96 3212 lx
120 3153 169 3236 [V3
194 3154 230 3215 de
255 3174 290 3216 eo
315 3157 351 3217 cf.
376 3155 460 3216 Thilo
483 3156 594 3235 proleg.
617 3153 720 3234 p,·XL
744 3151 822 3232 squ]
851 3159 1011 3230 propagata
1034 3149 1071 3210 ad

55 3259 110 3302 uos
133 3253 348 3321 peruenerunt.
394 3263 431 3305 ex
459 3263 494 3304 eo
523 3246 602 3303 enim
625 3242 777 3303 fluxerunt
805 3257 873 3300 cum
901 3238 976 3297 liber
1000 3237 1072 3297 San·

56 3330 196 3406 gallensis
231 3332 281 3410 [cl.
310 3333 396 3393 Thilo
420 3333 437 3394 l.
466 3333 484 3392 l.
517 3352 544 3410 p.
568 3331 643 3391 LXV
675 3330 763 3411 sqq.],
795 3336 858 3389 tum
887 3328 1073 3386 recentiores

56 3418 175 3479 codices
207 3438 323 3502 omnes,
356 3425 435 3482 inter
469 3439 543 3498 quos
571 3420 756 3479 Monacensis
789 3437 813 3478 c.
841 3415 889 3476 lat.
920 3412 984 3476 802
1014 3413 1072 3490 [ll]

55 3525 206 3568 summum
239 3512 355 3586 optinet
384 3510 491 3570 locum.
542 3527 577 3567 ex
616 3508 721 3567 eodem
758 3505 896 3566 Vaticano
933 3506 1076 3583 prouenit
