2370 3938
327 193 618 252 mundericus
636 194 746 251 nmen
763 195 810 252 vi.
1015 195 1078 266 107

55 367 120 432 per.
139 347 238 406 maris.
283 345 393 422 ignotis
417 342 488 421 quid
511 362 590 424 opus
610 362 792 406 concurrere
814 363 871 404 uec
894 364 969 426 quos
1043 359 1079 411 ee

57 431 184 499 oderis?
206 433 283 494 haec
302 431 401 492 medio
424 431 532 492 Perses
555 432 628 493 dum
648 439 785 512 tempore
807 433 936 516 mandat,

56 542 172 589 aureus
196 521 314 583 eciulsit
338 521 455 599 campis·
472 520 579 603 rubor,
602 538 743 600 armaque
767 528 797 583 et
820 539 907 583 acres

56 621 168 695 sponte
192 629 246 672 sua
269 618 425 689 strepuere
448 608 546 670 tubae.
592 608 671 670 Mars
694 628 803 672 saeuus
826 609 863 670 ab
886 611 956 672 altis

57 700 170 764 ‘hostis
193 695 243 781 io,'
267 697 432 759 conclamat
454 699 539 776 equis
564 692 654 776 ‘agno
676 700 732 778 ite,
755 696 958 782 propinquat'

25 814 28 819 ·
58 810 98 853 ac
121 789 209 852 simul
231 788 301 849 hinc
316 786 451 867 Colchos,
473 785 544 847 hinc
566 786 665 848 fundit
685 788 718 847 in
741 804 870 866 aequora
884 787 1007 851 Persen.
1044 803 1079 852 ao

58 889 135 943 tunc
158 896 231 958 gens
255 893 390 955 quaeque
414 876 477 935 suis
500 877 648 937 commisit
670 875 784 955 proelia
805 874 881 956 telis,

58 985 182 1048 uosque
206 964 255 1026 dei
277 966 389 1044 pariter
411 970 526 1025 turmas
549 963 648 1025 audita
670 982 725 1043 per
748 982 860 1025 omnes.

107 1055 184 1117 Hinc
207 1072 259 1133 age
283 1052 415 1132 Riphaeo
439 1070 515 1131 quos
537 1052 650 1112 uideris
673 1051 746 1113 orhe
769 1052 897 1133 lurores,

58 1146 160 1224 Musa,
183 1161 295 1222 mone3¹
308 1143 426 1221 quanto
443 1138 594 1220 Scythiam
617 1141 768 1201 molimine
791 1140 899 1201 Perses

59 1233 221 1311 concierit,
244 1231 311 1308 quis
335 1230 430 1290 fretus
453 1230 538 1308 equis
561 1247 615 1309 per
638 1228 715 1290 hella
738 1231 881 1308 uirisque.
905 1290 908 1294 ,
1043 1242 1079 1294 3⁸

57 1339 171 1384 uerum
194 1338 248 1398 ego
271 1337 327 1379 nec
350 1336 476 1378 numero
499 1335 661 1380 memorem
685 1337 741 1379 nec
764 1320 883 1378 nomine
908 1326 1034 1380 cunctos

58 1410 142 1473 mille
165 1407 215 1469 uel
238 1425 290 1467 ora
313 1425 450 1487 mouens3
474 1423 571 1486 neque
595 1408 675 1467 enim
698 1406 782 1486 plaga
804 1406 944 1485 gentibus
967 1408 1027 1468 ulla

57 1499 166 1560 ditior:
190 1504 310 1557 aeterno
334 1513 513 1574 quamquam
534 1494 659 1555 Maeotia
681 1494 776 1575 pubes

58 1588 157 1649 Marte
181 1584 277 1667 cadat,
300 1585 404 1664 pingui
426 1601 589 1662 numquam
611 1591 711 1643 tamen
734 1581 827 1643 uhore
850 1581 931 1662 detit,

61 1673 144 1755 quod
166 1675 299 1753 geminas
322 1680 420 1734 arctos
434 1689 633 1751 magnumque
658 1670 736 1749 quod
759 1670 871 1750 inpleat
884 1687 1019 1748 anguem
1043 1683 1079 1733 40

58 1782 136 1843 ergo
160 1760 253 1822 duces
271 1762 447 1841 sociasque,
471 1760 557 1841 deae,
580 1759 653 1820 mihi
675 1761 802 1839 promite
827 1765 940 1837 gentes.

110 1851 230 1911 Miserat
253 1848 402 1929 ardentes,
424 1867 493 1908 mox
516 1852 580 1926 ipse
604 1855 735 1928 secutus,
758 1846 866 1907 Alanos

61 1938 294 2016 Heniochosque
317 1944 419 1998 truces
442 1939 501 1998 iam
523 1937 640 2017 pridem
662 1936 799 1997 infensus
821 1935 957 2016 Annuus,

62 2036 151 2110 pacta
174 2025 253 2107 quod
276 2025 389 2086 Albano
412 2028 542 2087 coniunx
564 2024 667 2085 Medea
690 2033 829 2104 tyrannm

63 2118 185 2179 nescius
208 2115 280 2196 heu,
304 2115 407 2193 quanti
429 2113 573 2175 thalamos
596 2112 757 2174 ascendere
780 2113 907 2173 monstri
960 2114 985 2153 -’
1046 2123 1081 2174 4⁶

63 2206 174 2266 arserit
196 2212 285 2282 atque
309 2202 400 2263 urhes
423 2211 540 2263 maneat
563 2203 615 2281 qui
637 2209 736 2262 terror
759 2200 898 2279 Achaeas,

64 2295 179 2373 gratior
200 2294 264 2371 ipse
287 2290 351 2351 dcis
374 2290 505 2370 orbaque
529 2291 644 2351 heatior
666 2289 740 2350 aula.

62 2383 201 2462 proxima
222 2379 349 2440 Bisaltae
371 2379 447 2458 legio
471 2379 636 2458 ductorque
661 2377 792 2456 Colaxes,

65 2470 188 2548 sanguis
211 2475 241 2529 et
263 2470 327 2549 ipse
342 2469 453 2548 deum,
478 2467 624 2548 Scythicis
648 2484 737 2544 quem
759 2465 893 2545 luppiter
917 2468 982 2529 oris

64 2559 226 2638 progenuit
249 2555 377 2617 uiridem
399 2556 537 2635 Myracen
560 2555 759 2634 Tibisenaque
782 2557 865 2616 iuxta
1038 2567 1083 2619 no

61 2648 156 2726 ostia,
179 2646 320 2705 semifero
342 2638 480 2726 (dignum
503 2647 528 2704 si
552 2638 690 2726 credere)
715 2652 819 2724 captus

66 2751 209 2816 corpore,
232 2752 288 2794 nec
312 2732 456 2812 nymphae
479 2735 613 2812 geminos
637 2733 792 2794 exhorruit
815 2749 935 2811 angues

66 2829 176 2883 cuncta
198 2821 324 2901 phalanx
347 2823 463 2899 insigne
486 2821 566 2882 louis
589 2821 759 2900 caelataque
782 2827 878 2898 gestat

66 2912 198 2989 tegmina
220 2909 372 2989 dispersos
394 2908 503 2970 trilidis
525 2908 683 2970 ardoribus
706 2911 803 2987 ignes3

64 3017 124 3060 nec
146 3001 262 3078 primus
284 2998 396 3079 radios,
419 2998 504 3058 miles
527 2997 672 3077 Romane,
696 2997 814 3062 corusci
1046 3004 1081 3055 oo
1115 3068 1119 3075 .

10 3120 20 3141 ·.
66 3086 200 3148 fulminis
225 3095 255 3148 et
277 3087 383 3148 rutilas
405 3089 499 3147 scutis
522 3084 676 3146 diiiuderis
700 3084 768 3144 alas.

65 3177 193 3254 insuper
216 3183 336 3237 auratos
359 3175 518 3255 collegerat
540 3176 604 3252 ipsc
628 3172 781 3252 dracones,

66 3264 172 3325 matris
195 3262 292 3324 llorae
317 3266 481 3344 specimen,
504 3263 674 3341 linguisque
697 3260 844 3321 aduersus
866 3260 1017 3338 utrimque

65 3354 207 3431 congruit
230 3359 261 3413 et
283 3355 372 3414 tereti
395 3350 525 3431 serpens
543 3351 592 3411 dat
615 3349 741 3410 uulnera
764 3365 906 3427 gemmae.
957 3392 960 3397 -

65 3440 176 3502 tertius
198 3442 348 3503 nmnimis
370 3441 497 3503 ueniens
520 3456 589 3500 cum
611 3436 732 3498 milibus
755 3435 876 3497 Auchus
1051 3448 1086 3499 ee

64 3525 244 3591 Cimmerias
265 3534 398 3593 utrum
417 3544 505 3611 opes,
527 3528 578 3589 cui
601 3525 744 3587 candidus
767 3525 838 3587 olim
