2376 3938
356 210 650 270 ARGONAUTIOON
667 215 779 285 ommi
796 214 830 272 V.
1036 216 1099 281 103

80 367 209 446 quisque
234 365 296 423 suis
319 370 383 423 tum
406 370 476 424 uota
499 362 563 423 deis
586 370 617 424 et
639 363 746 443 pocula
769 363 877 446 fundit,

80 455 156 515 dent
173 454 280 532 aciem,
303 450 375 511 dent
397 450 556 529 belligeros
579 466 721 531 superare
744 451 869 512 labores.

127 541 205 602 Ecce
229 547 329 600 autem
351 539 462 600 Geticis
485 541 610 600 ueniens
634 540 782 600 Gradiuus
800 540 838 601 ab
860 545 954 602 antris

83 634 296 710 ingentemque
318 628 441 688 trahens
463 636 564 688 arctoa
585 647 640 707 par
663 646 793 708 aequora
816 628 927 692 nubem

84 719 190 798 aspicit
212 718 308 777 Aeaea
330 716 443 795 Minyas
466 717 649 794 stupefactus
672 719 703 777 in
726 717 801 778 urbe

86 805 288 882 ambitumque
312 822 415 865 senem
437 806 642 884 promissaque
666 805 778 866 uellera
800 806 873 886 pubi

85 893 280 954 Thessalicae.
326 895 404 954 citus
427 893 463 954 ad
487 895 595 954 summi
618 894 765 955 stellantia
787 897 880 973 patris

84 989 163 1043 tecta
186 983 247 1042 ruit
271 988 439 1060 questuque
463 981 565 1042 louem
588 989 716 1044 testatur
739 983 860 1044 acerbo:

86 1067 173 1149 ‘quae
198 1069 318 1149 studiis,
340 1088 395 1129 rex
418 1088 536 1150 magne,
560 1067 667 1149 quies?
688 1074 747 1131 iam
769 1079 873 1133 mutua
896 1072 959 1134 diui

83 1161 173 1219 exitia
196 1161 228 1218 in
251 1157 331 1218 solos
352 1158 507 1221 hominnm
529 1159 668 1220 molimur
691 1159 830 1243 honores,

85 1254 175 1325 teque
199 1265 233 1306 ea
256 1253 363 1307 cuncta
385 1250 501 1328 iuuant,
525 1247 657 1308 rabidam
680 1249 732 1326 qui
754 1248 871 1310 Pallada
894 1248 976 1310 caelo

85 1353 147 1396 non
169 1335 263 1414 abigis
286 1354 385 1414 neque
408 1336 544 1397 femineis
568 1336 683 1397 obicem
707 1339 799 1398 struis
823 1341 912 1398 ausis.

86 1442 146 1484 non
171 1441 294 1504 queror,
318 1432 454 1485 extructa
478 1424 557 1503 quod
580 1428 697 1485 uexerit
719 1428 783 1504 ipsa
806 1429 926 1487 carina'

85 1511 198 1573 uellera
221 1530 304 1572 sacra
326 1514 401 1573 meis
425 1520 594 1592 sperantem
617 1522 754 1574 auertere
777 1514 862 1594 lucis,

86 1599 226 1679 quodque
247 1601 344 1679 palam
363 1609 457 1662 tutata
480 1604 576 1661 uiros:
600 1604 642 1660 sic
666 1608 766 1661 cetera
788 1604 894 1681 pergit,
971 1661 974 1666 ,

86 1692 112 1749 si
136 1688 245 1749 ualet·
269 1689 384 1750 insidiis
407 1690 478 1769 quid
502 1707 562 1748 non
586 1687 738 1750 fallacibus
761 1688 861 1770 ambit,

85 1784 189 1837 nostra
212 1784 247 1837 nt
267 1777 396 1838 Phrixeo
419 1777 584 1857 spolientur
607 1777 716 1856 templa
738 1774 878 1838 metallo?

86 1882 147 1926 non
170 1884 246 1944 opus
269 1866 378 1926 auxilio
402 1866 519 1927 Colchis
543 1885 598 1927 nec
622 1867 742 1928 loedere
767 1874 883 1927 uestro:

87 1962 117 2014 et
139 1953 253 2014 Persen
277 1954 364 2014 simul
387 1963 418 2014 et
440 1955 552 2034 Minyas
575 1955 765 2033 deposcimus
788 1954 898 2015 hostes.

83 2044 160 2122 quin
183 2061 249 2122 age,
273 2043 344 2121 qnid
366 2050 465 2104 tantae
489 2052 598 2104 coeunt
620 2046 651 2104 in
674 2043 787 2123 proelia
810 2040 936 2122 gentes?

87 2130 159 2210 quid
183 2137 253 2191 tuus
276 2128 461 2192 Aesonides?
484 2134 562 2192 imus
581 2150 649 2212 nos,
672 2134 809 2212 protinus
833 2133 910 2192 imus

87 2221 119 2279 in
142 2237 247 2279 nemus
271 2220 435 2280 auriferum
458 2228 487 2281 et
511 2221 637 2299 sumptis
660 2221 849 2281 decernimus
872 2222 971 2280 armis.

87 2307 138 2369 nel
161 2315 194 2367 tu
218 2308 279 2367 sola
301 2308 369 2387 polo
393 2310 491 2370 tacitis
513 2311 635 2391 inopina
658 2307 791 2370 tenebris

88 2394 204 2456 labere:
227 2405 356 2474 quantus
380 2398 422 2459 ibi
445 2397 519 2458 deus
543 2400 696 2477 experiere
720 2415 775 2457 nec
799 2396 863 2459 illas

87 2484 239 2544 adstiteris
262 2487 374 2565 inpune
398 2485 506 2547 trabes.
540 2505 577 2546 an
600 2486 704 2547 Martia
726 2486 835 2565 templa

88 2573 292 2634 intemeranda
315 2577 427 2655 minus,
450 2583 555 2636 cautus
578 2575 650 2636 mihi
673 2575 758 2635 luons
782 2583 812 2636 et
839 2593 928 2654 agger

89 2660 170 2740 quod
193 2661 277 2722 rudis
301 2671 331 2722 et
355 2664 416 2724 sola
440 2664 565 2724 colimur
589 2665 614 2723 si
637 2663 776 2744 gentibus
799 2661 927 2724 umbra?

88 2758 136 2810 est
158 2768 241 2809 amor
264 2757 294 2810 ct
317 2769 420 2810 rernm
443 2754 560 2812 cunctis
583 2751 675 2812 tutela
698 2770 829 2812 suarum.

87 2846 119 2898 et
143 2837 210 2917 tibi,
233 2856 337 2915 magne
361 2846 459 2917 pater,
482 2841 572 2899 terris
595 2838 717 2899 donaria
741 2847 865 2918 certant,

89 2934 136 2986 est
157 2925 253 2985 honor
275 2923 322 2983 his
346 2928 435 2985 etiam
458 2944 539 2985 suus.
585 2944 624 2985 en
647 2943 701 3003 ego
726 2927 803 2986 clara
826 2927 964 3003 Mycenes
1050 2934 1104 2984 sto

89 3013 233 3092 culmina,
255 3013 406 3090 uirgineas
428 3013 555 3092 praeder
578 3015 604 3072 si
626 3012 768 3091 Cecropis
790 3030 884 3092 arces,

89 3103 150 3161 iam
172 3102 316 3180 coniunx,
339 3102 398 3160 iam
421 3109 451 3161 te
474 3103 586 3179 gemitu
608 3099 798 3178 lacrimisque
821 3099 940 3161 tenebit

90 3196 159 3249 nata
183 3206 321 3266 querens.
369 3197 504 3250 metuant
527 3207 597 3268 ergo
621 3207 677 3248 nec
700 3188 769 3249 talia
791 3183 937 3268 poscant'

135 3276 201 3337 Non
225 3276 293 3338 tulit
316 3277 389 3338 haec
413 3280 531 3358 animis,
555 3279 628 3356 quin
651 3277 738 3356 longa
761 3278 877 3338 silentia
900 3276 996 3338 Pallas

89 3384 231 3445 rumpere
255 3375 285 3427 et
307 3367 441 3428 inridens
465 3370 682 3446 strepitumque
706 3368 859 3445 minasque
884 3365 1005 3427 Gradiui
1054 3377 1108 3429 ooo

91 3449 164 3514 ‘non
186 3455 242 3516 tibi
264 3455 397 3538 Aloidae,
422 3455 531 3535 quibus
553 3456 626 3516 haec
649 3455 712 3515 iera
735 3472 889 3517 murmura
911 3457 1013 3535 iactes,

90 3561 152 3604 non
175 3541 329 3628 Lapithae,
353 3545 406 3606 sed
429 3541 536 3608 Pallas'
561 3547 617 3631 ait3
637 3539 754 3628 ‘neque
777 3564 836 3627 ego
858 3542 971 3622 aegide
991 3541 1106 3613 him,
