2362 3938
186 186 361 243 EPISTOLA
379 186 595 243 ALEXANDRI
613 188 662 242 ΔΙ)
682 186 946 245 Anisrornnnn.
1003 188 1067 253 211

56 352 262 434 ferarumque
285 350 358 415 loca
382 350 581 414 deduxerunt
602 351 637 415 in
659 371 852 434 proxumam
875 352 996 417 oraculi
1022 373 1069 416 se-

56 442 138 505 dem.
180 438 229 502 De
249 439 367 522 quibus
391 439 469 503 feris
493 442 526 503 ct
549 439 764 521 serpentibus,
787 439 864 522 quia
881 440 1071 506 innumerae

57 533 90 593 et
113 527 224 592 Indica
246 528 361 611 lingua
382 532 476 591 erant
494 528 667 611 recitatae,
692 527 897 593 scribendum
921 528 982 593 tibi
1005 551 1071 593 non

55 616 178 702 putavi.
632 650 636 656 -

147 703 229 769 Cum
248 706 358 768 autem
377 705 713 788 adpropinquaremus
732 703 773 768 ad
791 703 958 790 regionem
976 704 1101 770 nobiae

57 794 269 879 praedictam,
292 792 432 856 vidimus
452 791 591 857 feminas
616 793 766 876 virosque
790 794 915 877 aliquos
939 794 1073 876 panthe-

57 905 130 948 rum
159 885 192 945 et
220 881 377 966 tigridum
405 881 545 964 pellibus
575 884 750 946 contectos.
796 879 878 947 Cum
906 903 1074 967 quaerere·

57 995 142 1053 mus,
173 970 305 1054 quinam
337 969 505 1033 hominum
534 971 656 1054 essent,
686 968 785 1035 Indos
813 991 847 1035 se
876 993 935 1036 sua
961 971 1073 1056 lingua

60 1082 132 1125 esse
156 1058 316 1123 dicebant.
358 1057 464 1122 Locus
489 1061 598 1122 autem
622 1062 694 1123 erat
710 1059 831 1144 largus,
853 1061 925 1124 ture
945 1063 979 1123 et
997 1081 1073 1144 opo-

57 1149 209 1213 balsamo
229 1147 388 1210 immenso
409 1146 605 1231 abundabat,
624 1169 705 1231 quae
723 1148 864 1231 plurima
882 1148 982 1213 ramis
1001 1171 1075 1215 suo·
1089 1168 1116 1210 ro

57 1260 132 1301 rum
152 1236 408 1300 innascebantur
427 1257 605 1302 nemorum.
645 1235 730 1301 Exin
753 1237 841 1302 vesci
863 1236 988 1302 incolae
1008 1238 1075 1302 eius

59 1325 203 1409 regionis
223 1327 469 1389 consueverant.
509 1323 555 1388 Et
577 1346 650 1389 cum
669 1325 848 1389 sacrarium
869 1325 964 1390 nobis
983 1347 1077 1409 prae-

60 1415 182 1478 dictum
216 1416 249 1477 et
282 1412 393 1476 multis
426 1411 630 1497 incognitum
663 1413 923 1498 incessissemus,
958 1415 1076 1496 pedum

59 1502 201 1586 amplius
226 1501 335 1566 decem
360 1503 489 1565 statura
513 1500 619 1584 altior,
641 1501 735 1586 nigro
756 1522 900 1584 corpore,
922 1501 1074 1566 dentibus

59 1591 185 1655 caninis
208 1589 345 1653 antistes
364 1589 488 1653 oraculi
507 1589 659 1672 apparuit
675 1589 850 1673 perforatis
871 1588 1013 1672 auribus,
1037 1612 1076 1654 ex
1090 1608 1117 1651 ra

59 1681 178 1763 quibus
206 1678 341 1742 uniones
365 1678 551 1762 pendebant
580 1678 747 1761 anulique,
775 1680 808 1741 et
836 1680 906 1741 erat
932 1677 1074 1761 pellibus

58 1769 206 1832 vestitus.
257 1767 365 1850 Atque
393 1788 466 1830 cum
494 1788 546 1830 me
574 1788 664 1830 more
692 1765 801 1851 gentis
827 1764 916 1830 illius
946 1766 1075 1851 rituque

60 1858 228 1937 salutaret,
247 1859 371 1919 metum
391 1854 598 1920 simulatione
617 1854 811 1937 silentioque
829 1853 906 1919 texi.
937 1853 1075 1919 Etcum

59 1946 288 2028 interrogaret,
311 1947 348 2007 ut
371 1943 447 2028 quid
471 1964 508 2007 eo
531 1944 702 2027 venissem,
726 1942 792 2006 dixi
814 1963 866 2006 me
890 1942 1074 2025 cupientem

58 2034 218 2116 inspicere
246 2053 355 2097 sacras
384 2032 515 2096 arbores
544 2030 628 2096 Solis
658 2035 691 2095 et
717 2030 838 2096 Lunae.
888 2029 973 2095 Tum
1000 2031 1073 2095 bar·
1086 2051 1113 2091 m

58 2124 156 2186 barus
181 2119 231 2185 ‘si
252 2143 271 2184 a
291 2122 378 2185 coitu
397 2120 489 2203 pueri
497 2118 517 2201 ,'
541 2120 655 2205 inquit,
678 2119 724 2183 ‘et
745 2118 902 2184 feminino
921 2122 1073 2185 contactu

58 2232 169 2292 vacas,
193 2209 270 2273 licet
294 2209 417 2272 intrare
441 2209 584 2274 divinum
607 2207 736 2273 locum?
783 2206 997 2293 Secutumque
1020 2230 1074 2274 me

58 2320 130 2362 cum
155 2297 268 2362 amicis
292 2301 325 2362 et
348 2319 420 2362 cum
443 2297 749 2362 commilitatoribus
773 2296 901 2362 circiter
918 2298 1072 2362 trecentis

58 2388 217 2470 deponere
248 2386 361 2451 anulos
390 2389 560 2470 vestesque
588 2389 721 2451 cunctas
750 2407 823 2451 cum
851 2385 1072 2452 calciamentis

57 2477 240 2559 imperavit.
277 2475 447 2558 Imperavi,
466 2496 524 2558 per
542 2475 652 2540 omnia
669 2474 813 2540 hominis
830 2477 867 2540 ut
885 2496 1071 2559 pareremus
1085 2493 1112 2535 π

55 2701 228 2771 serpentium
255 2701 431 2769 ferarumque
456 2701 622 2770 plerumque
647 2700 841 2755 habundantia
862 2717 998 2771 aquarum
1022 2702 1071 2756 du-

55 2775 155 2827 xerunt
170 2771 202 2828 V.
240 2772 422 2826 ainnumera
441 2771 470 2826 0.
508 2772 684 2827 evocitatae
702 2771 742 2826 H.
760 2771 886 2826 vocitata
903 2777 949 2828 cet.
987 2776 1071 2828 ban·

55 2846 110 2898 tem
131 2861 182 2897 om.
202 2842 276 2898 ω.Η,
315 2840 602 2912 appropinquaremus
626 2841 736 2914 regioni
758 2859 776 2897 a
798 2841 880 2896 nobis
902 2842 1010 2911 petitae
1029 2843 1068 2899 H.

55 2916 169 2968 tlucus
188 2913 228 2967 H.
289 2920 323 2966 10
342 2913 465 2986 suorum]
484 2930 581 2968 eorum
600 2913 638 2968 H.
700 2919 731 2967 11
752 2911 859 2966 Exinde
879 2911 909 2966 0.
972 2919 1004 2966 12
1025 2929 1069 2966 sa·

56 2985 176 3038 crarium
196 2983 225 3038 O.
252 2985 385 3039 essarium
405 3005 435 3038 ω.
462 2984 613 3039 cessarium
631 2983 668 3037 Η.
695 2982 749 3037 iter
767 2982 799 3036 V.
878 2987 911 3036 16
930 2982 1069 3051 depende·

55 3055 125 3110 bant
136 3055 164 3110 G.
203 3053 620 3124 agamennonem
659 3058 692 3106 18
706 3051 858 3106 salutasset
866 3051 894 3108 0.
923 3057 1029 3106 metum
1037 3051 1068 3107 0.

55 3129 83 3180 et
110 3143 219 3180 mecum
244 3127 278 3179 L.
287 3125 407 3182 G.M.V.
450 3126 508 3180 texi
534 3124 563 3179 0.
588 3123 660 3178 texit
686 3127 734 3178 cet.
779 3125 883 3177 metum
900 3153 932 3162 -—
949 3124 978 3175 et
1003 3138 1068 3176 cum

55 3214 104 3252 om.
124 3197 164 3252 H.
271 3202 303 3250 19
322 3196 440 3265 utquid
460 3195 488 3250 0.
518 3195 586 3264 quid
604 3192 779 3250 L.M.B.H.
807 3191 882 3262 quod
903 3191 936 3248 G.
966 3209 1014 3246 cur
1034 3191 1066 3249 V.

55 3283 86 3322 eo
103 3268 180 3323 ΟΜ.
205 3283 257 3338 ego
272 3268 306 3322 L.
317 3266 392 3322 G.B.
400 3267 477 3324 ΚΗ.
536 3270 570 3319 20
590 3265 696 3336 sacras]
717 3279 792 3319 seras
806 3283 837 3317 ω.
891 3268 925 3317 21
944 3262 1066 3318 femineo

56 3339 128 3395 GH.
173 3343 207 3392 22
227 3338 294 3393 licet
307 3337 413 3393 intrare
428 3338 457 3393 0.
484 3337 591 3392 scilicet
608 3335 749 3391 intercede
764 3331 830 3389 c.V.
857 3332 966 3389 scilicet
980 3333 1066 3389 intra·

55 3409 95 3464 bis
114 3411 154 3464 H.
184 3409 356 3479 Secutusque
375 3426 421 3464 me
440 3425 503 3462 cum
523 3406 551 3462 0.
578 3406 742 3462 Astantibus
761 3404 801 3459 Η,
855 3410 889 3458 23
909 3421 973 3459 cum
991 3420 1065 3460 eom·

54 3481 255 3534 militatoribus
274 3481 316 3537 M.
350 3498 414 3536 cum
432 3478 631 3533 militatoribus
650 3475 808 3532 L.G.B.V.
841 3491 905 3530 eum
928 3475 1066 3532 commili-

53 3552 168 3607 tonibus
185 3551 255 3605 meis
276 3550 304 3606 0.
409 3555 444 3606 26
462 3549 590 3605 homines
607 3549 641 3604 L.
670 3545 830 3602 hominibus
851 3545 884 3602 G.
913 3546 998 3602 Parui
1015 3562 1067 3616 per

853 3634 907 3691 14⁸
