2362 3938
431 567 565 632 LIBER
587 567 751 634 PRIMUS

512 724 575 790 ool
594 723 663 780 osu

336 867 506 944 ORTUS
533 868 848 946 ALEXANDRI.

164 1059 196 1125 1.
213 1059 362 1143 Aeyyptii
374 1060 525 1142 sapientes
538 1058 601 1125 sati
611 1079 720 1142 yenere
733 1061 838 1125 olicino
847 1063 948 1143 primi
955 1063 1101 1144 feruntur

73 1149 292 1232 ommensique
318 1153 392 1212 snnt
413 1152 528 1212 terram
555 1149 673 1231 inqenii
693 1150 872 1231 peruicacia
894 1155 924 1215 et
949 1152 1127 1217 ambitnmc

79 1239 152 1302 coeli
176 1238 342 1302 stellarum
363 1257 490 1302 ronnrcro
514 1238 653 1302 assecuti.
698 1236 837 1317 Quorum
859 1239 999 1304 omnium
1021 1241 1100 1304 Nec-

79 1327 214 1391 tauabns
236 1327 499 1408 prudentissimus
524 1326 623 1407 fuisse
650 1327 878 1410 comprobatur,
906 1328 1017 1410 qnippe
1045 1329 1101 1410 qui

78 1417 160 1496 qaod
182 1415 243 1479 alii
267 1415 379 1497 armis,
406 1415 459 1480 ille
481 1435 532 1479 ore
551 1415 691 1498 potuisse
714 1417 913 1480 convincitur.
958 1415 1100 1498 Denique

79 1504 260 1569 mundialia
278 1504 424 1568 elementa
443 1503 470 1568 ei
482 1503 645 1586 parebant,
664 1504 800 1581 alconi,
819 1505 848 1568 si
866 1508 964 1568 metus
977 1503 1100 1570 bellicus

80 1593 129 1656 illi
146 1593 332 1676 immineret,
354 1612 417 1656 non
435 1594 606 1671 exercitum,
629 1612 693 1656 non
716 1592 965 1656 machinamenta
983 1593 1099 1658 martio
1114 1617 1133 1657 u

79 1686 231 1745 moveret:
265 1683 342 1762 quin
365 1681 472 1764 potins
500 1682 656 1764 inoressns
686 1681 778 1744 aulae
802 1681 913 1761 penita
941 1682 1100 1762 reoiaeqne

79 1774 194 1834 secreta
231 1769 276 1833 ibi
310 1789 341 1834 se
374 1770 550 1834 solitarium
579 1770 708 1834 abdebat
735 1770 853 1834 inrecta
881 1788 982 1834 secum
996 1798 998 1803 s
1006 1769 1098 1851 pelvi.

82 1858 185 1939 Quam
210 1859 285 1922 dnm
307 1878 345 1922 erc
367 1862 449 1936 sonte
473 1859 678 1940 liquidissimo
701 1858 852 1940 impleret,
876 1878 914 1922 eoo
936 1877 1005 1922 cera
1027 1858 1098 1923 imi·

81 1948 208 2011 labatur
236 1947 356 2029 novicii
384 1947 621 2012 similitudinem
648 1947 821 2029 efficiesque
847 1947 1008 2011 bominum
1034 1947 1099 2014 ill'c

80 2035 257 2100 collocabat.
305 2035 390 2115 Quae
412 2037 518 2100 omnia
540 2056 608 2100 cnm
631 2055 801 2116 supernare
822 2037 998 2118 coepissent,
1026 2057 1099 2102 mon
1113 2061 1133 2100 u

80 2126 196 2189 moveri
215 2143 253 2187 ac
270 2125 368 2188 moero
385 2124 569 2189 uisebantur.
602 2123 775 2189 Adhibebat
792 2126 885 2188 etiam
903 2129 931 2188 et
943 2126 1099 2207 oiryulam

80 2233 116 2277 cn
134 2213 221 2296 liquo
235 2213 320 2277 ebeni
338 2218 366 2278 et
377 2214 639 2294 praecantamina
653 2213 839 2297 loquebatur,
857 2213 967 2295 qcribrrs
979 2221 1100 2279 uocaret

79 2304 150 2366 cleos
173 2320 302 2384 summos
324 2301 504 2385 inferosque,
527 2303 626 2383 sicque
645 2301 804 2367 laborabat
820 2303 905 2384 petri
922 2303 1099 2367 nauiculam

79 2391 244 2472 submerqi.
279 2390 334 2454 En
346 2410 405 2472 quo
418 2390 518 2473 fiebat,
536 2395 572 2454 nt
588 2391 683 2455 simul
700 2410 770 2455 cum
788 2391 994 2456 submersione
1011 2392 1098 2456 illins

79 2499 168 2543 cerae
186 2482 217 2542 et
234 2479 326 2542 cereis
342 2480 544 2544 insessoribus
561 2480 655 2544 etiam
675 2498 778 2543 onines
797 2479 903 2562 bootes,
926 2480 1027 2562 siqui
1044 2481 1098 2544 ocl-
1112 2501 1133 2540 u

80 2587 141 2632 esse
153 2567 474 2649 praenuntiabantur,
491 2569 603 2650 pelagio
621 2572 836 2649 morqerentur.
873 2567 985 2649 Itaque
1002 2569 1098 2633 multo

81 2661 214 2738 tempore
237 2676 329 2738 roano
351 2676 389 2720 ac
410 2658 570 2722 securitate
590 2659 710 2738 potitus
733 2661 784 2721 est.
832 2655 973 2736 Quodam
999 2657 1096 2738 icitur
1116 2669 1133 2722 Ι,

81 2750 214 2827 tempore
244 2745 423 2809 nuntiatum
452 2748 496 2809 est
523 2746 552 2809 ei
580 2745 696 2810 multos
725 2745 871 2809 alumnis
899 2764 969 2808 eum
994 2748 1098 2826 centes

80 2855 145 2897 unu
174 2834 402 2913 conspiratione
430 2839 520 2915 atque
547 2835 651 2898 eadem
678 2833 832 2898 voluntate
864 2832 1097 2914 consurrexisse,

80 2923 195 2986 scilicet
211 2921 320 3002 Indos,
343 2921 463 2986 Arabes
481 2921 712 3004 Phoenicesque,
735 2919 870 2984 Portbos
891 2924 920 2983 et
939 2918 1095 3002 Assyrios
1109 2945 1133 2986 n

80 3032 132 3076 uec
153 3031 221 3075 uon
244 3014 274 3073 ct
295 3008 436 3090 Scythas,
459 3011 594 3094 Alanos,
624 3010 869 3096 Ouylracontus,
896 3005 984 3071 Seres
1007 3011 1097 3090 alque

81 3098 248 3182 Caucones,
271 3098 413 3182 Hiberos,
435 3098 661 3182 Acriopbayos,
685 3095 873 3162 Eunonitas
896 3099 925 3158 et
945 3116 1096 3176 quaecun-

80 3209 135 3269 que
163 3193 240 3253 sunt
268 3188 395 3252 orientis
424 3187 574 3252 barbarae
598 3192 708 3270 centes.
758 3182 874 3263 Quibus
900 3183 953 3248 ille
980 3185 1098 3250 acolitis

75 3277 227 3357 plausum
250 3277 333 3341 dans
354 3276 499 3340 manibus
521 3296 633 3357 maana
656 3276 724 3339 risn
746 3271 912 3338 dissolutus
934 3278 986 3338 est.

130 3393 220 3433 Inuus
234 3391 257 3432 V
257 3399 371 3431 uuuuuuu
922 3381 937 3429 1
