2362 3938
99 203 163 267 106
521 204 632 259 LIBER
651 205 684 260 ll.

97 366 195 431 etiam
229 369 327 451 atque
360 367 536 431 certamine
570 370 640 432 tum
668 366 709 432 ad
737 368 953 434 mulcedinem
984 372 1112 436 aurium

36 507 44 521 .
96 454 203 520 solitis
217 455 386 539 procurari
400 459 470 519 tum
489 455 530 520 ad
544 455 792 521 delectationem
812 459 990 524 oculorum.
1027 459 1059 525 N
1061 483 1113 525 am

96 547 130 608 et
155 542 348 610 fortitudine
376 544 615 609 decertantibus
646 548 680 608 et
707 547 876 630 voluptate
907 569 967 612 sua
998 550 1113 634 cuique

96 635 242 718 praemia
265 637 298 698 et
320 634 459 699 honores
484 654 610 698 annuos
634 634 760 699 statuit.

61 742 76 784 r
189 721 247 788 35.
270 721 412 808 Postque
435 723 524 800 haec,
547 721 632 805 quod
656 743 695 786 ex
717 723 841 788 incerto
865 724 975 809 regiae
998 726 1112 791 incita·
1130 737 1175 788 38.

97 811 198 877 tionis
217 812 312 876 multi
330 812 464 877 victoris
488 811 632 876 animum
654 810 869 877 formidarent
893 834 996 897 eoque
1020 815 1113 899 vagis

97 901 275 967 terroribus
291 901 502 986 agitarentur,
521 921 584 985 quo
603 903 793 965 cunctorum
811 902 937 966 animos
953 902 1114 987 deliniret,

95 990 197 1055 edicit
214 992 249 1054 in
267 990 375 1073 verba,
399 1011 535 1073 quorum
555 988 717 1054 sententia
734 989 815 1055 haec
836 990 913 1055 fuit:
936 989 1019 1055 ‘Rex
1037 991 1114 1057 Ale·

97 1079 227 1162 xander,
242 1078 413 1143 Ammonis
433 1082 466 1143 et
480 1077 681 1163 Olympiadis
699 1077 796 1161 filius,
815 1077 923 1144 Persis
939 1080 1026 1145 dicit.
1063 1081 1114 1146 Ea

57 1190 82 1228 ιι
98 1167 236 1249 quidem,
255 1187 337 1249 quae
357 1167 425 1231 iure
441 1167 517 1231 belli
535 1170 703 1231 transacta
722 1169 807 1251 sunt,
825 1168 950 1232 nullum
964 1169 1112 1252 profecto

96 1255 294 1336 sapientium
308 1257 388 1337 puto
407 1277 465 1338 pro
486 1256 600 1340 culpae
619 1255 736 1320 merito
750 1259 949 1340 putaturum.
977 1257 1112 1322 Etenim

96 1340 158 1407 diis
186 1343 251 1407 ista
280 1345 443 1407 sententia
472 1347 535 1426 est,
563 1365 661 1427 quam
690 1345 822 1430 exsequi
849 1346 1044 1411 mortalibus
1069 1348 1114 1412 sit

96 1452 235 1497 necesse.
285 1429 391 1505 Quare
417 1432 542 1516 superis
570 1432 701 1517 quidem
726 1433 833 1500 habeo
863 1435 1001 1518 gratias,
1031 1435 1112 1500 favi-

97 1522 225 1587 soribus
244 1521 334 1585 meis.
371 1520 471 1585 Enim
494 1542 580 1585 nunc
600 1522 754 1606 quoniam
774 1543 832 1588 vos
852 1543 979 1607 quoque
998 1527 1113 1589 nostra

29 1647 36 1659 ·
56 1634 82 1673 ιι
95 1633 176 1676 cura
195 1631 265 1676 esse
284 1609 447 1693 coepistis,
472 1609 553 1674 scire
573 1631 632 1675 vos
651 1632 711 1695 par
732 1613 790 1695 est,
813 1615 962 1695 satrapas
982 1613 1111 1696 quidem

96 1700 284 1783 regionibus
303 1698 507 1781 constitutos,
531 1698 649 1782 quibus
673 1721 711 1763 ex
735 1720 824 1764 more
842 1701 1002 1783 parebitis
1025 1703 1112 1766 haud

96 1808 187 1851 secus
206 1808 349 1871 prorsus,
368 1809 406 1853 ac
425 1788 452 1851 si
473 1788 532 1852 sub
549 1787 650 1852 Dario
670 1809 741 1852 mos
760 1793 844 1872 erat3
856 1811 968 1873 ,eoque
987 1791 1018 1854 id
1040 1813 1114 1856 eon·

56 1950 58 1953 .
96 1875 231 1959 sultavi,
260 1897 301 1940 ne
331 1876 456 1941 incerta
482 1876 667 1962 regentium
696 1877 882 1942 observatio
910 1879 984 1961 plus
1012 1901 1113 1963 penes

96 1986 155 2030 vos
173 1965 309 2029 haberet
327 1964 512 2030 formidinis
532 1987 630 2048 quam
647 1966 807 2030 veritatis.
846 1965 992 2031 Utemini
1011 1969 1113 2052 igitur
1132 1978 1176 2030 39.

54 2078 83 2118 ao
98 2054 226 2138 legibus
249 2056 320 2118 vest
306 2054 368 2117 tris
392 2055 514 2139 pariter
538 2075 575 2119 ac
598 2054 751 2119 moribus.
794 2053 883 2118 Idem
907 2055 994 2119 eninr
1020 2057 1112 2121 vobis

96 2144 285 2226 conventus,
309 2144 439 2208 eaedem
459 2142 694 2208 sollemnitates
713 2146 746 2205 et
764 2143 889 2243 suavia3
913 2164 972 2207 nec
992 2164 1111 2225 vagum

96 2251 292 2314 quemquam
320 2255 339 2296 a
367 2233 501 2316 regione
523 2232 575 2297 vel
598 2229 728 2295 sedibus
752 2230 818 2294 suis
842 2230 1009 2294 aberrasse
1032 2250 1109 2329 quo-

95 2319 185 2404 piam
208 2318 405 2402 probaturus
430 2342 515 2421 sum,
542 2319 661 2402 quippe
686 2317 803 2401 quibus
828 2317 1024 2400 patrimonia
1046 2316 1111 2398 pri-

96 2411 173 2472 vata
196 2407 315 2472 habere
339 2408 556 2491 permiserim,
585 2406 728 2489 exceptis
752 2427 831 2470 auro
853 2405 977 2508 pariter
1006 2407 1038 2467 et
1062 2426 1110 2468 ar-

53 2520 83 2562 as
97 2499 212 2580 gento,
245 2516 327 2580 quae
360 2496 540 2560 communis
576 2494 631 2559 hie
662 2515 741 2559 usus
778 2495 884 2580 magis
916 2514 986 2557 esse
1018 2494 1111 2577 regia

97 2585 277 2650 confitetur.
322 2583 464 2666 Reliqua
486 2604 563 2647 vero
588 2582 693 2647 omnis
716 2586 862 2667 moneta,
890 2603 971 2668 quae
997 2583 1110 2666 cuique

95 2677 154 2757 est,
178 2673 307 2739 domino
331 2672 545 2756 permittetur.
583 2671 849 2737 Armamentaria
872 2693 950 2736 sane
972 2672 1110 2755 privata,

97 2764 126 2827 si
148 2763 181 2826 in
204 2783 299 2826 usum
323 2761 488 2844 publicum
513 2762 664 2843 satrapae
683 2760 866 2826 necessaria
885 2760 1035 2843 viderint,
1058 2761 1109 2825 his

98 2872 223 2936 quoque
255 2871 311 2915 eos
341 2849 391 2912 uti
420 2850 571 2933 oportere
601 2848 764 2914 mandavi.
817 2850 959 2935 Agmina
989 2850 1111 2932 pariter

56 2963 84 3004 eo
97 2940 296 3024 peregrinari
332 2939 428 3022 inque
463 2937 572 3002 aliena
600 2937 741 3001 transire
778 2937 1016 3021 interdixerim,
1047 2938 1111 3001 nisi

190 3087 204 3134 1
223 3077 411 3134 mulcedinem
432 3077 463 3134 T.
491 3075 668 3131 dulcedinem
686 3075 723 3130 A.
803 3082 819 3130 2
839 3076 1057 3132 delectationem
1080 3076 1110 3131 T.

98 3149 294 3206 delectationis
312 3150 349 3204 A

186 3221 236 3277 tle.
252 3228 267 3277 8
279 3220 388 3276 drcrtP
402 3219 472 3275 haec
482 3235 531 3274 om
539 3218 572 3274 P.
602 3225 634 3274 10
648 3217 756 3273 nullam
766 3217 894 3300 profecto
905 3217 1073 3288 sapientiam
1082 3218 1110 3271 T.

100 3297 132 3346 12
153 3293 259 3347 diisT
287 3309 337 3347 om.
356 3291 431 3348 AP.
504 3297 537 3344 13
556 3289 662 3360 superis
683 3289 715 3344 T.
744 3306 828 3359 super
846 3288 891 3343 his
909 3291 944 3345 A.
968 3307 1056 3359 super
1077 3290 1110 3342 P.

98 3368 131 3416 21
153 3363 316 3418 solemnitat
318 3376 348 3418 es
304 3361 398 3417 rA
416 3361 585 3444 festiyitates
589 3309 636 3415 ΡΒ
687 3366 722 3415 23
740 3362 875 3431 probatus
890 3361 921 3415 T.
950 3362 1064 3443 privata
1079 3360 1110 3413 T.

97 3432 181 3500 priva
199 3436 235 3490 A.
241 3435 275 3488 P.
348 3440 383 3488 24
402 3433 569 3516 permissum
592 3434 636 3487 est
660 3430 691 3488 T.
740 3437 798 3487 26
817 3447 888 3500 quae
913 3432 1013 3500 cuique
1037 3433 1069 3485 P.
1080 3432 1111 3487 T.

96 3505 336 3583 quaecumqueA.
384 3511 417 3558 2‘1
438 3503 610 3574 permittitur
620 3501 708 3559 Mad.
754 3509 788 3582 30
806 3503 1022 3573 peregrinariP.
1050 3520 1111 3574 per-

95 3572 223 3642 egrinare
243 3576 278 3629 A
750 3615 752 3618 .
