2362 3938
81 172 182 229 XXXll
480 164 702 225 PRAEFATIO

164 320 228 379 567
254 320 408 390 :ce-iasone
430 315 584 375 Heinsius.
609 319 789 394 tactusque
814 323 856 383 V

165 409 230 465 569
259 406 386 465 immolet
412 410 564 479 ereptoque
590 404 660 465 lua:
685 424 849 483 responsa
871 414 1020 487 mm
1050 426 1079 487 μ

75 496 260 555 latinitatem
284 489 380 553 ³luers
394 484 549 569 responau'
571 492 617 551 nil
631 493 801 569 signifieat
815 500 886 560 nisi
909 494 1025 577 ³poenaa
1038 499 1079 557 dm

75 602 131 660 pro
160 575 340 657 responsisss
368 581 448 658 quod
476 582 524 639 hie
550 580 724 642 absurdum
750 590 813 647 est.
866 590 938 649 ueri
959 588 1079 665 metat·

77 672 214 731 seruauit
242 671 269 727 V
300 662 489 745 ‘ereptaque'
516 668 671 729 exhibens.
727 672 805 751 lege
840 670 891 737 ‘et
920 682 1009 756 rapta
1028 674 1078 736 lu&

76 752 242 834 responsa'.

167 848 229 906 571
256 850 385 906 amore
408 845 591 907 Gronouius:
614 850 730 907 aarum
755 849 796 909 V.

167 937 232 994 576
256 935 360 994 malim
384 927 466 993 ³tuno
491 935 571 995 ultro
593 927 704 1010 plura’.

167 1024 232 1082 seo
257 1042 300 1098 sq.
328 1027 354 1079 et
379 1025 485 1081 uetere
512 1024 636 1082 umus
657 1024 858 1095 macoma
888 1028 1081 1091 151151ιὸ

80 1128 185 1185 umque
205 1111 459 1183 murmurillo
487 1111 576 1169 modo
604 1110 790 1171 uocabulum
815 1118 917 1192 qualo
945 1124 993 1181 eat
1014 1104 1081 1179 ‘radi

84 1198 267 1275 cogitatione
295 1197 414 1257 adsumi
441 1202 556 1273 potest3
588 1200 619 1257 id
651 1199 731 1275 quod
762 1201 846 1263 beno
883 1209 986 1269 sensit
1013 1202 1082 1266 Paul

80 1286 220 1396 lampius
245 1282 298 1359 [ad
320 1284 412 1361 Verg.
435 1285 510 1345 Aen
534 1286 550 1343 Ι
574 1285 662 1362 7571.
695 1290 866 1365 postquam
892 1300 1000 1357 autem
1019 1310 1083 1373 gest

82 1376 166 1435 inum
194 1366 352 1433 ‘tumulus’
384 1374 521 1433 sollemni
549 1375 605 1434 ille
631 1373 849 1435 litterarum³
850 1374 888 1441 u'
919 1378 992 1445 et
991 1378 1021 1445 o'
1038 1398 1083 1441 eor

82 1464 202 1523 lusione
228 1464 260 1523 iu
287 1456 443 1523 ³tumulos'
474 1463 564 1540 abiit,
595 1463 780 1540 sequebatur
813 1471 852 1528 ut
885 1472 1083 1533 nominamur

82 1547 325 1629 ³Dardaniusque
352 1546 451 1628 pater'
480 1552 512 1613 iu
539 1553 744 1612 accusatiuum
770 1559 946 1620 mutarent.
996 1556 1083 1623 simili

82 1662 130 1701 me
155 1643 265 1702 alicubi
287 1645 447 1718 corruptus
471 1645 518 1702 eat
539 1642 665 1716 Fronto,
688 1644 723 1700 ut
745 1640 836 1701 docui
860 1645 895 1705 in
919 1642 1082 1709 Pterelam

82 1732 181 1791 annal.
205 1752 231 1790 a.
257 1734 340 1791 1877
365 1751 394 1805 p.
419 1732 491 1791 634.

173 1821 237 1880 593
260 1821 349 1879 dorm
378 1818 496 1894 scripsi:
531 1820 634 1878 domos
655 1817 691 1876 V.
737 1810 851 1878 ³domo'
880 1821 1028 1889 Heinsius
1050 1838 1083 1881 m

86 1908 155 1984 luit3
189 1908 241 1967 sed
265 1908 361 1967 datini
388 1901 499 1966 ³domo'
527 1925 587 1966 non
613 1906 715 1966 inueni
738 1906 819 1982 apud
846 1914 963 1984 poetas
994 1913 1082 1977 Mn

82 1997 264 2072 exemplum
291 2014 362 2056 uam
391 1995 484 2055 etiam
506 1995 587 2071 apud
609 1994 770 2054 Horatium
793 1991 901 2072 [epist.
923 2000 942 2058 Ι
968 2005 1023 2078 10,
1043 1992 1082 2071 1³]

84 2085 304 2145 restituendum
328 2078 450 2144 ³domu'.

172 2174 236 2232 670
261 2173 378 2231 Tamus
400 2171 574 2232 Withofius:
597 2173 695 2233 lamas
717 2170 753 2230 V.

175 2261 238 2319 676
260 2261 423 2333 certamina
460 2260 582 2334 scripsi:
619 2261 767 2320 aduraim
802 2259 840 2319 V.
877 2293 923 2305 -
961 2266 1086 2327 maura:

85 2350 205 2405 statuae
227 2347 340 2421 templo
363 2347 522 2447 impositae
545 2347 666 2422 lateque
689 2349 876 2424 conspicuae.

173 2436 234 2492 641
261 2436 361 2494 obdito
383 2434 503 2509 scripsi:
526 2436 623 2494 arduo
645 2434 682 2492 V.

172 2524 236 2580 647
259 2538 311 2579 orec
332 2522 396 2582 loca
416 2522 621 2581 Burmannus:
645 2524 786 2598 homoque
807 2526 844 2584 V.
869 2558 912 2568 —
936 2549 995 2605 pro
1019 2518 1125 2590 ‘iam'·

82 2628 141 2669 uon
163 2608 241 2667 male
265 2608 406 2668 Heinsius
430 2603 517 2668 ³tam'
541 2610 670 2685 scripsit.

171 2698 233 2755 6511
259 2715 334 2758 ostra
358 2698 479 2773 scripsi.
502 2701 550 2758 ire
573 2699 609 2758 V.

120 2964 160 3023 111
189 2966 207 3023 9
231 2968 385 3039 weretune
405 2967 538 3042 superbia
560 2967 684 3027 Aldina:
707 2987 765 3027 om.
788 2966 825 3026 V.

174 3058 211 3112 11
238 3056 355 3115 doceat
370 3056 451 3129 picto
473 3060 500 3115 et
521 3056 623 3116 Thilo:
647 3058 735 3117 dotat
756 3061 783 3116 et
797 3059 878 3130 picto
900 3054 936 3112 V.

177 3144 216 3201 13
234 3144 376 3217 phaleras
399 3143 555 3204 Heinsius:
572 3149 696 3218 pomus
717 3142 753 3202 V.

173 3232 214 3289 75
239 3236 307 3291 omo
329 3231 453 3291 Aldina:
476 3249 555 3292 mae
577 3230 612 3289 V.

172 3320 213 3375 33
232 3321 336 3394 primo
358 3319 478 3393 scripsi:
496 3335 596 3392 proso
617 3317 654 3374 V.
679 3314 731 3377 sed
759 3309 865 3390 ³prona
886 3311 1001 3375 sidera'
1026 3325 1099 3383 sunt

81 3402 232 3477 cadentia3
261 3422 369 3479 parum
397 3408 499 3463 eutem
528 3403 670 3463 credibile
703 3406 762 3466 cst,
783 3402 839 3460 sub
862 3417 974 3459 nouam
997 3406 1098 3469 lucem

81 3484 330 3561 Argonautarum
351 3492 483 3552 reditum
504 3508 696 3567 pugnamque
718 3490 817 3549 locum
839 3486 991 3549 habuisse.
