2362 3938
117 164 178 228 640
277 181 381 216 nouarum
399 181 507 218 voetaur
526 165 557 232 (i)
576 180 673 216 rusum
693 183 727 217 na
746 181 902 219 manuscr.

179 311 208 367 8.
234 303 302 378 ¹Qui
316 317 419 367 contra
440 311 557 367 edictum
580 310 635 366 diui
649 312 774 385 Augustti
792 327 850 368 rent
869 311 1015 385 litigiosam
1030 324 1068 379 at

115 412 171 451 non
201 396 363 465 possidente
394 397 569 467 comparauit,
602 399 796 469 praelterquam
830 387 931 472 (quod)
966 400 1068 470 emptio

80 477 224 545 rouultiius
252 479 380 534 momenti
403 485 463 548 est,
491 495 604 551 poenam
630 483 634 534 Ι
658 480 853 552 quinquaginta
879 482 1068 537 sestertiorum

115 560 182 618 fisco
205 570 416 636 retpraesentare
438 561 619 634 compellitur.
662 578 706 616 res
729 571 817 618 autem
834 570 839 628 1
854 562 973 636 litigiosa
994 564 1069 621 uide-

81 662 106 703 m
118 655 173 719 tur,
196 645 229 702 de
250 662 300 719 qua
323 638 386 701 'lis²
403 650 408 707 Ι
425 645 494 717 apud
511 661 589 701 suum
604 645 718 701 iudicem
736 650 739 711 Ι
757 645 844 702 delata
858 656 909 702 est.
953 648 1002 703 sed
1017 649 1072 705 hoc

114 731 142 784 iu
157 728 366 803 prouincialibus
383 732 387 793 Ι
404 728 494 783 tundis
509 745 590 802 praua
606 723 806 803 usurpaltione³
821 730 945 804 optinuit.
962 736 967 796 Ι

115 813 121 838 i

124 817 511 872 --....-....-Ι

79 909 106 949 ao
178 893 207 953 9.
233 892 375 952 iutseutes
398 896 529 969 fugitiuos
546 904 551 963 1
568 913 667 952 uenum
689 896 745 952 dari
761 906 807 954 aut
828 900 997 971 compararit
1015 917 1070 956 am·

116 981 252 1054 plissimus
269 981 335 1036 ordo
360 986 364 1046 Ι
387 979 541 1053 prohibuit,
564 979 718 1036 denuntiata
736 987 740 1045 Ι
757 983 784 1036 iu
800 992 949 1062 emptopem
967 984 1070 1049 uendit·

81 1077 106 1116 25
118 1073 258 1136 toremque
273 1078 361 1136 poena
375 1065 563 1119 sestertiorum
579 1066 783 1137 quinquaginta,
801 1071 806 1130 1
823 1082 891 1138 quae
907 1067 987 1122 hodie
1003 1066 1069 1124 fisco

8 1145 294 1210 tol.2.r.uiuditcatur.

23 1215 67 1264 ool.
78 1230 98 1263 a.
522 1225 539 1264 s
583 1269 599 1302 ἧς
643 1226 661 1264 a

178 1310 225 1371 10.
249 1315 309 1379 i-
325 1345 363 1354 -
381 1343 421 1353 -
436 1344 477 1356 —
498 1318 503 1381 Ι
528 1306 658 1387 ⁶eueepto
681 1318 812 1371 castrensi
836 1323 840 1382 Ι
864 1317 970 1390 peculio
993 1319 1068 1376 hona
1081 1340 1124 1388 [nn

115 1415 163 1454 sua
179 1397 313 1461 courtierre
329 1397 473 1455 debebunt.
491 1404 495 1462 ί

92 1489 105 1530 5
177 1479 217 1539 11.
240 1481 352 1537 Caesare
367 1499 382 1538 a
396 1481 493 1537 liberto
508 1497 558 1537 suo
574 1497 613 1537 ex
627 1493 699 1544 astse
715 1481 814 1536 herede
831 1484 968 1554 instituto,
991 1485 1069 1557 ’filiai

116 1558 189 1623 iure⁷
211 1566 242 1620 ad
265 1567 404 1621 semissem
427 1568 562 1632 uoluatur:
590 1581 650 1620 oum
673 1566 807 1620 extraneis
833 1581 899 1620 uero
922 1568 1069 1641 insttituto,

80 1649 170 1707 ¹⁰filia
185 1666 216 1706 er
237 1648 366 1716 ’seimisse
381 1642 477 1704 modo8
499 1650 640 1716 extraneis,
658 1654 662 1717 Ι
678 1664 733 1704 uon
754 1651 839 1704 etiam
854 1647 958 1703 Caesari
976 1651 1070 1709 adore-

190 1806 212 1873 ¹)
227 1809 265 1871 Cf.
283 1809 339 1857 Gai.
354 1820 375 1864 a,
391 1819 437 1858 117.
460 1806 526 1859 Guil.
544 1809 662 1858 Francloe
676 1809 712 1858 ad
725 1808 785 1874 Dip.
796 1810 834 1858 tit.
850 1810 881 1858 de
895 1808 982 1858 ltered.
993 1813 1069 1872 petit.

111 1896 139 1945 p.
154 1891 188 1932 aa.
245 1876 267 1944 2)
282 1878 327 1926 Em
346 1875 403 1926 CK‘.
431 1878 746 1930 succussionem
764 1888 825 1944 post
845 1880 947 1929 iudicem
967 1885 1069 1944 supple·

115 1966 208 2000 ueram.
273 1945 294 2013 ⁸)
315 1948 379 1997 Nam
397 1947 531 2013 Aupustus
549 1951 608 1999 dum
627 1958 739 2000 actorem
758 1967 808 2001 non
826 1952 997 2014 possidentem
1016 1969 1070 2002 rem

116 2023 255 2085 litigiosam
268 2021 384 2068 alienare
398 2026 474 2077 uetat,
489 2022 594 2069 nonnisi
603 2021 634 2069 de
644 2022 771 2083 praediis,
787 2037 851 2085 quae
862 2023 975 2084 mancipi
984 2031 1068 2082 erant,

115 2093 231 2154 capitone
241 2096 353 2152 poterat,
368 2089 520 2152 quodetiam
531 2106 631 2152 poenae
640 2106 735 2139 suntma
745 2093 847 2143 evincit.
871 2091 924 2140 Sed
932 2101 1069 2156 postquam

115 2161 233 2223 conceptio
247 2162 322 2208 etiam
337 2159 372 2207 ad
381 2160 491 2223 pipnori
508 2160 695 2222 hypothecaeoe
713 2161 841 2210 dationem
859 2164 988 2209 translata
1003 2172 1069 2223 erat,

112 2245 162 2294 per
177 2246 251 2293 quam
266 2232 374 2279 omnium
384 2244 470 2277 rerum
480 2231 555 2278 etiam
565 2229 692 2278 mobilium
702 2233 801 2279 nornine
812 2232 839 2279 in
849 2245 902 2279 rem
912 2232 980 2279 actio
991 2247 1008 2280 a
1018 2249 1069 2283 non

111 2301 260 2364 possidente
279 2300 405 2349 creditori
424 2301 573 2362 comparari
588 2294 789 2364 poterat('L.1,
809 2302 831 2361 ς.
847 2311 867 2348 2.
890 2300 923 2348 D.
943 2317 1070 2364 quaeres

112 2372 185 2436 pipn.
201 2381 240 2428 20,
254 2369 290 2435 a),
304 2371 395 2419 mirum
409 2384 460 2418 non
479 2377 528 2427 est,
547 2370 615 2432 qnod
632 2385 742 2432 rapaces
756 2378 945 2432 procuratores
959 2388 1070 2434 poenam

117 2456 214 2506 quoque
235 2442 314 2490 edicti
332 2441 368 2489 ad
383 2440 481 2502 fundos
498 2442 587 2488 saltem
603 2441 783 2502 provinciales
800 2445 996 2491 transtulerunt.

117 2509 137 2575 4)
158 2512 254 2561 Versus
272 2525 377 2560 uacuus.
442 2506 463 2572 ⁵)
480 2509 518 2572 Cf.
539 2509 614 2557 Paul.
630 2522 655 2570 1,
674 2512 708 2560 6⁸.
728 2512 778 2571 §.a
851 2509 872 2577 6)
887 2512 1070 2564 Antecedentis

112 2583 194 2644 primi
207 2596 296 2630 uersus
306 2595 395 2642 pauca
408 2581 516 2644 oestipia
530 2587 675 2642 supersunt.
705 2579 909 2631 Praecesserant
927 2599 988 2633 uero
1003 2593 1068 2647 puto

113 2654 172 2715 fere
186 2651 265 2700 llaec:
284 2647 416 2699 ‘Caesaris
434 2650 541 2699 libertus
555 2651 630 2699 etiam
648 2652 732 2710 minor
750 2655 900 2702 centenario
918 2655 972 2702 siue
991 2661 1069 2703 testa·

116 2729 198 2770 rnenio
210 2722 283 2784 sacto
297 2722 349 2769 siue
364 2721 484 2769 intestato
499 2721 650 2779 decesserit,
670 2736 726 2769 cum
745 2721 834 2770 liberis
847 2725 903 2771 eius
917 2723 1015 2772 duobus
1030 2727 1069 2773 uel

116 2807 166 2841 uno
181 2793 266 2840 uirilis
276 2805 343 2853 pars
358 2789 466 2838 Caesari
479 2787 771 2854 debeturliberiqueei.'
795 2792 832 2853 Cf.
846 2791 977 2853 Caium.
1004 2792 1068 2841 Nam

116 2863 144 2911 in
158 2862 307 2911 centenario
322 2875 450 2909 commune
463 2860 511 2909 loc
526 2862 566 2908 ius
579 2867 637 2909 erat
650 2876 684 2909 em
698 2862 753 2925 lepe
764 2861 856 2924 Papia,
872 2875 936 2925 quae
951 2877 1007 2910 cum
1018 2877 1067 2923 pa·

117 2940 191 2982 trono
205 2938 233 2981 ut
242 2932 350 2981 debitam
359 2929 427 2979 hanc
433 2937 534 2993 partem
544 2932 620 2979 etiam
630 2931 754 2980 aduersus
763 2932 828 2980 duos
839 2932 971 2980 naturales
981 2930 1069 2980 liberti

118 3003 212 3053 liberas
226 3002 411 3064 adscripscrat,
426 3002 628 3063 emancipatione
642 3000 782 3051 liberorum
795 3017 850 3050 eam
864 3003 945 3050 minui
959 3000 1067 3050 nolebat.

117 3073 301 3136 Emancipatus
315 3073 397 3136 ipitur
415 3077 440 3119 et
452 3077 565 3133 patrono
584 3077 609 3119 et
621 3085 668 3120 suo
683 3071 844 3133 conferebat,
865 3073 981 3134 exceptis
995 3070 1068 3120 bonis

118 3143 299 3193 castrensibus.
329 3141 462 3191 Caesarem
475 3157 544 3202 uero,
555 3147 657 3203 patrem
666 3143 786 3203 patriae,
800 3144 828 3190 in
843 3144 965 3205 cuiusque
980 3142 1068 3190 domus

117 3214 251 3279 Aupuetae
266 3213 352 3263 liberti
366 3212 439 3262 bonis
456 3212 505 3261 loc
519 3213 560 3261 ius
574 3210 704 3272 habuisse,
719 3226 754 3259 ear
767 3226 818 3274 seq.
834 3213 857 3273 §-
873 3211 1008 3275 probabile
1022 3217 1067 3260 est.

120 3284 158 3346 Cf.
173 3284 242 3334 Suet.
260 3284 321 3333 Ner.
335 3293 369 3334 st.
421 3279 441 3347 7)
456 3281 500 3330 Eae
516 3279 572 3330 0¹0.
589 3283 647 3344 filia
661 3286 779 3343 nelposue
794 3282 851 3330 edd.
867 3297 936 3330 meac
950 3294 970 3331 1.
981 3293 1001 3330 2.
1016 3283 1067 3330 iure

117 3352 308 3421 (accrescendi)
322 3355 379 3403 cdd.
394 3351 456 3419 (non
470 3350 530 3418 Kr.)
545 3365 593 3416 quo
608 3352 781 3401 additamento
794 3366 845 3400 non
860 3367 931 3414 opus.
992 3349 1013 3415 8)
1029 3366 1068 3400 se-

117 3441 215 3489 missem
232 3439 257 3490 O.
278 3442 343 3490 ιιηάε
359 3443 444 3505 fuerit
461 3440 560 3489 semisse
574 3419 596 3490 rin
612 3437 655 3504 (=
670 3435 759 3502 modo).
787 3437 865 3488 Deest
883 3438 953 3487 modo
968 3440 995 3487 in
1010 3438 1067 3487 edd.

117 3511 193 3559 etiam
207 3526 261 3560 mea
275 3513 366 3560 altera.
