2362 3938
411 195 528 251 onTns
547 195 770 254 ALEXANDRI.
1051 199 1096 263 45

76 383 112 425 ac
136 359 299 423 firmitate
324 362 509 442 congestos,
531 359 723 440 praesertim
748 360 887 444 undique
909 360 1096 426 fluminibus

77 448 356 529 convallantibus,
382 451 420 511 ut
443 468 608 511 murorum
632 470 758 532 quoque
781 448 926 531 ipsorum
949 449 1030 514 hacc
1054 453 1098 514 sit

77 538 174 601 firma
193 536 352 618 munitio,
375 534 480 600 aditus
498 557 595 619 porro
614 539 728 601 tenues
748 537 952 622 angustique,
976 537 1096 622 quique

79 625 269 711 agminibus
294 624 490 689 militaribus
514 623 685 689 inviabiles
711 629 809 709 atque
837 625 922 689 exim
950 627 1097 691 occursui

79 713 255 799 perfaciles
274 713 465 778 habeantur.
498 710 597 778 Cuius
616 712 745 796 quidem
763 713 811 777 rei
829 714 899 797 ipse
917 714 1096 798 periculum
1111 736 1123 777 ⁶

78 804 201 868 certius
224 801 374 885 fecerim,
402 802 550 885 quamvis
577 802 639 866 huc
667 824 765 866 manu
792 824 907 888 parva,
934 824 1002 867 non
1024 823 1097 867 con-

80 894 219 976 gregato
244 891 389 956 exercitu
410 911 635 955 commearem.
675 890 850 956 Enimvero
869 891 949 956 baec
972 895 1022 957 est
1041 892 1097 955 illa

81 982 217 1045 deorum
242 980 390 1064 aequitas
415 1000 452 1043 ac
475 979 691 1064 providentia,
714 983 751 1044 ut
772 1001 842 1064 vos,
865 981 983 1064 quiex
1006 981 1098 1045 uber·

79 1074 150 1133 tate
184 1072 292 1132 terrae
323 1067 520 1151 praecluatis
554 1070 651 1152 atque
684 1067 735 1132 his
767 1069 956 1135 fluminibus
989 1069 1098 1134 obval-

80 1157 212 1235 lemini,
250 1178 362 1221 eorum
399 1156 588 1221 violentiam
625 1157 789 1241 sentiatis,
832 1158 888 1242 qui
928 1158 993 1223 ista
1030 1179 1096 1224 non
1111 1180 1137 1221 ro

81 1247 238 1311 habeant.
288 1244 413 1329 Quippe
443 1245 484 1309 ad
511 1244 596 1309 hanc
624 1246 825 1329 opulentiam
852 1268 960 1312 rerum
991 1247 1019 1312 si
1048 1248 1098 1313 vis

81 1356 211 1421 quoque
241 1337 275 1397 et
302 1333 442 1398 militare
471 1334 564 1399 vobis
593 1334 782 1399 exercitium
811 1335 980 1420 adfuisset,
1007 1337 1099 1402 nulla

82 1424 230 1507 profecto
255 1444 334 1508 gens
357 1423 455 1505 foret,
483 1444 566 1506 quae
589 1422 714 1488 duabus
737 1423 826 1488 hisce
849 1424 1000 1490 fortunae
1023 1426 1099 1489 viri-

83 1514 144 1577 bus
173 1513 333 1577 obviaret.
382 1510 444 1576 nst
471 1510 573 1594 igitur
599 1511 648 1576 ita
675 1515 794 1576 natura
821 1512 1034 1597 descriptum,
1061 1516 1100 1576 ut

83 1602 138 1684 qui
166 1600 234 1664 ista
261 1621 370 1665 rerum
398 1600 565 1684 opulentia
595 1601 661 1664 sint
692 1600 820 1684 donati,
848 1600 936 1664 idem
966 1604 1099 1665 careant
1113 1621 1138 1663 15

82 1689 211 1754 bellicis
236 1689 371 1771 viribus,
394 1693 431 1752 ut
454 1689 482 1752 si
506 1688 582 1773 quid
606 1689 665 1772 illi,
691 1689 746 1772 qui
771 1689 868 1753 armis
892 1692 925 1752 et
949 1688 1100 1754 manibus

84 1779 265 1863 indulgent,
290 1776 416 1841 desolo
436 1777 572 1861 genitali
590 1777 792 1861 indigebunt,
815 1778 856 1841 ab
877 1776 1100 1842 huiuscemodi

84 1867 303 1930 adfluentibus
326 1863 461 1949 petant?
507 1865 605 1930 Hisce
635 1865 729 1930 dictis
757 1865 859 1950 exigit
881 1866 1030 1949 protinus
1059 1867 1100 1930 ab
1158 1925 1161 1934 .

83 1954 274 2040 Aegyptiis,
302 1959 339 2019 ut
363 1954 518 2038 quidquid
546 1954 626 2018 illud
649 1975 806 2037 pensuros
835 1974 904 2017 sese
927 1952 1027 2018 Dario
1051 1975 1100 2018 re-

85 2046 263 2128 cepissent,
296 2043 329 2107 id
359 2042 490 2107 sibimet
518 2043 689 2125 inferrent3
721 2042 807 2127 qnod
837 2043 967 2126 quidem
997 2063 1035 2107 eo
1066 2063 1100 2107 se
1115 2062 1141 2102 ao

85 2141 196 2217 petere
220 2135 359 2197 testatus
384 2135 442 2215 est,
465 2153 533 2197 non
556 2136 593 2196 ut
616 2131 733 2216 opibus
752 2131 820 2196 suis
838 2131 982 2196 indidem
999 2132 1101 2197 incre·

87 2223 190 2286 menti
209 2221 332 2303 aliquid
346 2224 525 2304 pareretur,
544 2220 706 2285 enimvero
725 2224 762 2284 ut
780 2220 992 2285 exstruendae
1013 2221 1102 2286 urbis

87 2310 172 2375 foret
206 2308 392 2374 substantia
424 2309 557 2392 largior.
607 2308 702 2373 Haud
735 2314 925 2376 cunctanter
956 2310 991 2373 in
1015 2310 1103 2375 baec

88 2398 244 2482 Aegyptii
277 2399 498 2482 obsequuntur
528 2397 675 2480 datisque
704 2400 850 2482 pecuniis
880 2402 914 2464 et
942 2399 1103 2465 honorata

89 2487 281 2552 deductione
313 2508 371 2569 per
402 2486 566 2551 Pelusium
597 2491 826 2572 properantem
860 2488 945 2553 votis
978 2489 1103 2572 pariter
1116 2506 1142 2547 2⁵

90 2582 121 2640 et
143 2597 220 2641 vero
246 2597 355 2639 amore
379 2578 627 2659 prosequuntur.

179 2662 238 2728 35.
266 2663 390 2728 Rursus
414 2663 517 2748 igitur
540 2667 670 2747 recepto
694 2665 783 2729 omni
807 2665 949 2731 exercitu
973 2670 1005 2731 et
1049 2668 1160 2726 XXXV.

91 2752 122 2815 in
151 2750 265 2837 Syrias
292 2753 407 2816 itinere
435 2752 598 2817 destinato
626 2752 722 2818 urbes
750 2775 819 2839 eas,
845 2776 903 2839 per
931 2777 1012 2838 quas
1040 2755 1104 2820 sibi
1122 2752 1164 2805 39.

91 2842 249 2906 transitus
274 2841 373 2925 foret,
400 2840 526 2905 nomini
556 2863 613 2906 suo
642 2841 746 2925 addit3
775 2843 859 2908 unde
888 2843 975 2907 mille
1003 2843 1104 2907 etiam

182 3073 195 3120 1
217 3085 250 3121 ac
268 3083 319 3122 om.
339 3068 371 3122 P.
458 3074 473 3121 2
493 3068 717 3124 convallantibus
738 3069 772 3123 P.
863 3069 963 3123 Sinde
981 3085 999 3121 a
1016 3068 1106 3122 verbis

95 3138 205 3192 ‘aditus
233 3139 334 3207 porro’
363 3155 432 3208 quac
455 3155 541 3207 osque
565 3141 602 3194 od
626 3141 707 3207 daem
732 3141 816 3196 lactus
842 3140 942 3208 capitis
969 3139 1106 3206 tepenter,

93 3210 190 3264 desum
208 3210 241 3263 ia
260 3208 291 3264 P.
347 3209 510 3264 toccursui
529 3216 555 3267 T.
583 3225 699 3266 occursu
717 3214 753 3265 A.
813 3214 933 3263 omanu
951 3223 1040 3277 parva
1057 3213 1105 3263 etc.

93 3282 127 3346 cs.
145 3281 209 3334 init.
230 3296 290 3348 cop.
305 3283 348 3335 33.
387 3284 588 3350 congregatum
607 3280 759 3336 exercitum
778 3287 805 3335 T.
886 3284 1105 3333 Tcommearem

92 3367 142 3405 orn.
162 3357 190 3407 T.
247 3350 404 3404 8deorum.
417 3358 444 3405 T.
471 3368 520 3407 om.
539 3352 575 3407 A.
632 3358 666 3406 14
683 3350 725 3407 ita
742 3357 770 3405 T.
796 3367 847 3405 orn.
866 3348 902 3403 A.
959 3354 991 3403 15
1011 3348 1060 3418 qui
1078 3355 1106 3403 T.

93 3422 155 3491 quis
175 3421 212 3477 A.
250 3421 348 3476 donati
367 3428 393 3476 T.
421 3423 526 3477 donata
543 3422 579 3478 A.
683 3428 716 3476 17
737 3421 771 3476 do
790 3426 879 3476 oraT
924 3421 960 3475 ab
979 3421 1106 3478 huiusce·

92 3492 170 3547 modi
189 3499 217 3546 T.
244 3491 439 3548 huiuscemodi
456 3494 492 3548 A.
566 3499 599 3547 22
618 3494 732 3562 paretur
750 3499 778 3547 T.

182 3563 231 3618 35.
260 3568 292 3616 27
312 3568 425 3634 recepto
444 3564 521 3620 A.P.
549 3566 626 3620 recto
644 3569 671 3616 T.
