2362 3938
313 155 432 212 PRIMA
451 152 653 214 RESPONSIO
673 158 829 215 DINDIMI.
1018 156 1081 223 111

62 319 295 401 stellarumque
324 318 506 402 fulgoribus
537 320 687 404 rutilare,
720 323 823 385 solem
853 322 1001 406 puniceis
1034 323 1082 387 in·

60 410 190 472 vectum
220 408 385 491 iugalibus
417 408 521 473 crines
552 430 610 492 per
640 409 753 474 orbem
783 409 951 475 radiantes
982 411 1082 476 effun-

61 495 151 580 dere,
187 517 284 580 quem
318 496 457 561 bissenis
490 497 682 562 incumbens
716 497 883 562 mensibus
918 498 1082 565 redivivus
1148 557 1149 560 ,

60 607 164 649 annus
188 585 261 648 inde
285 586 503 670 persequitur,
531 590 680 669 tempora
706 587 801 650 sertis
831 608 869 651 ac
897 588 1082 672 pampineis

62 675 167 738 cincta
194 673 393 738 redimiculis
422 675 633 758 comitantur,
663 675 732 740 dies
762 695 890 760 quoque
919 676 1107 742 volubilasc

60 767 93 826 et
116 763 216 827 horae
236 763 445 828 volubiliores
470 763 674 828 antecedunt
710 762 883 830 Cernimus
908 765 1008 829 etiam
1027 785 1081 849 pe·

59 852 153 935 lagus
185 851 294 915 colore
322 873 484 934 purpureo
512 855 736 936 venustatum,
767 853 853 936 quod
883 853 1020 936 placidis
1049 857 1082 918 et

59 940 173 1003 amicis
204 941 379 1004 excitatum
403 961 530 1023 semper
556 941 708 1006 fluctibus
736 963 804 1005 non
831 941 928 1006 ferire
954 963 1081 1028 germa-

58 1050 135 1093 nam
158 1033 282 1093 terram
305 1029 455 1113 creditur,
479 1029 535 1093 sed
558 1030 720 1114 amplecti,
743 1030 834 1095 cuius
859 1031 1081 1097 multiformes
1114 1084 1115 1089 1

59 1118 163 1200 pisces
189 1117 328 1202 vagique
358 1117 502 1200 delphini
525 1139 583 1201 per
612 1139 753 1202 aequora
779 1119 911 1184 madida
941 1120 1081 1185 undosa·
1096 1143 1123 1184 ro

60 1227 121 1289 que
156 1206 295 1270 saltatus
330 1207 519 1270 innocentes
552 1210 711 1273 exercent.
766 1204 968 1293 Gamporum
1004 1209 1082 1293 quin

59 1294 159 1358 etiam
189 1295 277 1358 laeta
306 1295 478 1359 virentium
508 1295 613 1379 specie
645 1297 858 1381 delectamur,
894 1319 933 1361 ex
964 1297 1081 1382 quibus

59 1383 140 1447 odor
164 1383 370 1468 gratissimus
389 1383 502 1448 florem
527 1385 700 1449 suavitatis
720 1384 876 1449 exhalans
901 1387 1015 1451 oculos
1040 1385 1082 1451 si·

59 1472 127 1534 mul
146 1473 253 1555 pascit
272 1475 304 1536 et
323 1473 477 1538 animum.
511 1472 753 1558 Nemorumque
771 1474 868 1538 nobis
888 1477 922 1537 et
940 1473 1083 1538 fontium

59 1581 161 1644 opaca
190 1560 314 1625 scilicet
342 1561 463 1625 arridet
491 1562 689 1646 amoenitas,
719 1583 816 1645 quam
844 1562 952 1626 vanae
984 1561 1083 1625 simul
1099 1583 1123 1625 1

59 1648 154 1712 alites
184 1649 317 1714 musicis
348 1651 557 1714 concentibus
587 1654 801 1734 personantes
834 1649 939 1714 melos
971 1649 1082 1715 dulces

58 1741 267 1820 componunt.
318 1737 407 1803 Haec
436 1741 512 1803 sunt
538 1742 674 1804 naturae
703 1739 904 1824 spectacula,
934 1759 1019 1821 quae
1051 1742 1083 1803 et

58 1826 180 1889 imitari
209 1826 339 1890 difficile
370 1831 420 1891 est
448 1831 483 1892 et
509 1827 651 1893 refutare
681 1826 852 1911 culpabile.
897 1825 971 1892 Nos
1000 1848 1082 1891 mer·

58 1915 153 1978 candi
177 1915 286 1998 gratia
308 1921 444 1999 pontum
469 1916 627 1981 classibus
657 1936 723 1981 non
747 1917 912 1980 sulcamus
938 1935 998 1979 nec
1021 1915 1083 1979 sub

58 2004 122 2067 alio
154 2004 296 2068 iacentes
328 2005 397 2069 sole
424 2005 610 2088 prouincias
641 2004 774 2070 fastidio
806 2007 913 2068 terrae
948 2002 1083 2068 alterius
1098 2025 1124 2066 so

58 2093 255 2176 expetimus,
290 2093 374 2176 quod
410 2097 480 2157 tam
510 2094 767 2160 commeantibus
798 2113 895 2177 sacua
929 2092 1084 2177 pericula,

59 2202 156 2263 quam
182 2180 266 2245 solet
287 2181 441 2264 perfectis
465 2203 585 2267 magna
608 2182 767 2247 miracula
784 2181 956 2266 praebere.
991 2179 1083 2248 Nun·
1158 2254 1161 2260 ,

59 2290 158 2350 quam
176 2290 237 2334 1ο1
256 2271 431 2355 peregrina
450 2274 572 2354 species
592 2271 709 2337 ardore
728 2292 805 2337 suas
825 2269 1083 2353 pulchritudinis

58 2357 284 2438 inflammavit,
304 2359 420 2444 quibus
440 2360 522 2424 nihil
543 2359 709 2426 decentius
729 2381 800 2425 esse
821 2359 967 2424 creditur
986 2381 1083 2442 quam

59 2446 141 2510 visio
161 2449 376 2529 propriorum.
414 2447 483 2513 Nec
500 2448 643 2514 famulos
666 2471 728 2515 nos
752 2449 817 2514 sibi
840 2447 945 2513 faciet
968 2448 1081 2512 multis
1096 2468 1124 2509 ss

58 2536 188 2598 casibus
219 2557 317 2619 opum
341 2537 492 2602 devincta
521 2539 688 2623 materies,
717 2558 800 2623 quos
826 2537 954 2602 liberos
983 2535 1084 2601 edidit

59 2624 210 2688 absoluta
242 2626 424 2708 pauperies.
469 2625 539 2692 Nos
573 2631 678 2692 artem
710 2627 793 2692 bene
825 2625 984 2711 loquendi
1016 2646 1083 2690 non

148 2821 161 2867 1
183 2817 313 2888 rutilare]
324 2817 435 2872 radiare
447 2818 481 2872 P.
501 2818 640 2890 puniceis]
650 2816 771 2888 pumicis
786 2818 821 2872 L.
859 2816 974 2871 4sertis
984 2817 1082 2872 Schlec.

58 2886 163 2955 septies
187 2885 222 2941 L.
231 2889 265 2942 P.
308 2888 414 2958 species
444 2888 516 2944 VR.
559 2891 641 2960 septe
661 2890 697 2942 B.
742 2889 876 2958 speciosa
899 2887 978 2943 Rieu.
1021 2887 1083 2942 uvis

58 2956 218 3025 (=vv1r)
239 2959 311 3013 Keil.
383 2959 525 3031 tcincta]
546 2965 647 3015 cuncta
669 2959 743 3013 V.R.
818 2958 1083 3081 deernimuspmcer·

56 3031 149 3081 tamus
170 3030 243 3084 P.B.
287 3032 513 3102 luanustatum]
533 3033 681 3086 venustare
700 3029 736 3086 B.
787 3027 966 3098 Bfluctrbus]
1031 3033 1083 3082 ctr-

57 3098 109 3151 bus
120 3100 152 3151 L.
202 3106 236 3154 10
254 3117 304 3169 per
323 3118 446 3170 aequora
464 3107 511 3158 etc.
522 3102 558 3157 R.
587 3116 742 3169 aequoreas
765 3097 908 3168 (aequoris
926 3099 961 3152 B.
981 3096 1083 3165 1111171)

58 3170 186 3223 madidas
208 3172 297 3226 undas
320 3173 405 3240 atque
429 3173 549 3227 saltatus
575 3171 674 3241 (saltus
699 3171 732 3227 L.
740 3171 773 3226 V.
785 3170 831 3236 B.)
855 3169 1019 3223 innocenter
1036 3174 1083 3223 cat.

59 3244 91 3293 13
112 3241 208 3296 florem
227 3241 302 3297 RV.
328 3242 410 3298 flores
427 3243 503 3300 RB.
533 3243 632 3297 florum
651 3242 804 3296 suscitans
827 3239 862 3294 11.
901 3245 934 3293 14
952 3238 1083 3309 fontium]

58 3310 199 3365 frondium
224 3313 255 3366 V.
313 3319 345 3368 16
365 3313 448 3369 dulce
465 3315 498 3369 L.
561 3318 593 3368 17
613 3315 679 3368 sunt
699 3329 749 3368 om.
765 3311 799 3366 L.
860 3313 895 3364 20
914 3309 1030 3390 fastigio
1048 3308 1083 3364 Ia

58 3387 90 3434 21
111 3384 187 3450 quod
201 3386 295 3437 tamen
307 3384 338 3439 V.
363 3401 435 3453 qnae
450 3386 672 3440 commeantibus
686 3387 747 3439 tam
766 3396 850 3437 saeva
864 3381 990 3450 pericula
1003 3396 1084 3451 prae·

58 3452 170 3507 beatB.
209 3460 244 3508 11
258 3454 665 3523 quam—miraculaom.V.B.
706 3461 742 3509 23
761 3453 892 3508 ardorum
902 3452 936 3506 L.
972 3455 1006 3506 25
1021 3469 1084 3523 pro·
1173 3522 1176 3529 Ι

56 3525 181 3591 priorum
201 3525 235 3580 L.
262 3526 426 3596 propiorem
444 3533 491 3584 cet.
547 3533 582 3582 16
602 3528 740 3582 devincta
761 3523 834 3580 Vn.
862 3523 975 3579 devicta
992 3530 1040 3582 cet.

109 3623 196 3664 Icarus
211 3625 231 3665 V
233 3635 308 3664 11111
309 3635 344 3666 us.
891 3617 924 3667 12
