2362 3938
223 441 229 448 “
297 522 300 527 ·
376 505 412 588 o.
440 503 615 589 rmum
642 506 806 591 ιιιιιι

233 685 934 789 ARGONAUTIOON

372 876 525 944 olous
550 875 809 946 susumus.

535 1057 641 1066 .----

78 1201 122 1262 Te
147 1218 266 1284 quoquo
290 1200 487 1275 Thessalico
478 1222 537 1266 ram
560 1221 649 1267 serus
670 1201 706 1264 ab
729 1201 845 1282 hospite
868 1218 978 1282 uesper

78 1289 197 1379 diuidit
211 1298 245 1373 et
262 1259 324 1363 hm
344 1298 374 1351 te
397 1298 448 1352 tua
471 1292 590 1373 gaudia,
613 1293 712 1373 uirgo,
735 1289 918 1374 relinquunt,

78 1397 200 1458 noxque
223 1365 285 1440 ruit
308 1378 363 1449 soli
385 1381 511 1442 ueniens
534 1398 595 1441 non
617 1382 698 1442 mitis
721 1382 838 1445 amanti.

81 1486 153 1549 ergo
177 1466 230 1542 ubi
254 1469 401 1542 cunctatis
424 1476 558 1530 extremo
581 1471 614 1529 in
636 1469 738 1530 limine
760 1467 870 1549 plantis

79 1557 207 1641 contigit
229 1559 321 1643 aegre
340 1563 423 1623 toros
446 1565 476 1619 et
499 1575 583 1623 mens
606 1559 729 1619 incensa
751 1555 894 1637 tenebris,
1081 1565 1098 1615 ι

79 1642 202 1705 uertere
225 1651 299 1710 tuno
321 1646 422 1712 uarios
444 1663 499 1724 per
522 1645 639 1727 longa
631 1648 778 1706 insomnio
801 1651 925 1724 questus

80 1751 139 1794 neo
160 1741 270 1813 pereat
288 1750 348 1815 quo
371 1735 449 1795 seire
472 1734 563 1814 ma103
587 1734 766 1813 tandemque
790 1733 878 1795 fateri

79 1839 153 1882 ause
177 1820 234 1881 sihi
257 1839 380 1893 causum
399 1821 498 1893 medio
517 1825 560 1884 sio
584 1823 644 1884 fato
666 1822 768 1883 dolore
792 1829 853 1882 est:

81 1905 176 1970 ‘nuno
199 1928 254 1990 ego
278 1904 337 1989 quo
361 1927 432 1971 oasu
456 1910 504 1971 uel
529 1929 588 1992 quo
612 1913 655 1972 sio
673 1910 802 1992 peruigil
824 1927 921 1989 usque

80 2001 148 2078 ipsa
171 1998 275 2058 uolens
297 2016 400 2069 errore
424 1996 549 2061 trahor?
572 2017 634 2061 uon
656 1999 729 2061 haec
753 1999 826 2061 mihi
850 2005 932 2060 certe
1066 2009 1101 2060 10

79 2104 142 2146 nox
164 2095 229 2148 erat
252 2095 320 2147 ante
343 2095 426 2168 tuos,
448 2089 567 2149 iuuenis
591 2089 766 2168 fortissime,
788 2088 900 2150 uultus.

80 2192 159 2254 quos
183 2193 238 2254 ego
261 2193 316 2236 our
339 2177 450 2237 iterum
473 2177 600 2242 demens.
618 2179 787 2256 iterumque
810 2175 954 2240 recordor

79 2271 143 2324 tem
166 2281 272 2342 magno
294 2262 424 2335 discrete
446 2261 542 2330 mari?
565 2265 637 2344 quid
659 2268 691 2326 in
713 2265 830 2344 hospite
854 2262 917 2324 solo

79 2369 168 2412 mens
190 2348 286 2412 mihi?
308 2355 425 2432 cognati
447 2354 548 2432 potius
570 2355 630 2415 iam
652 2353 764 2414 uellera
784 2351 889 2412 Phrixi

80 2441 222 2521 accipiat,
245 2458 320 2519 quae
345 2441 407 2503 sola
428 2443 505 2521 petit
528 2458 663 2520 quaeque
685 2458 746 2500 uno
767 2438 904 2500 laborum
1066 2447 1101 2501 ιι

80 2545 173 2589 eausa
195 2530 271 2611 uiro
317 2547 386 2599 ham
409 2530 527 2613 quoudo
551 2528 654 2591 domos
676 2528 730 2592 hes
752 2526 802 2587 ille
825 2520 961 2587 reuiset?

80 2624 134 2676 aut
157 2631 242 2677 meus
256 2598 443 2692 ¹'Haemonios
466 2616 584 2696 quaudo
608 2624 692 2697 pater
714 2614 769 2677 ihit
792 2613 829 2676 ad
851 2607 967 2675 urbes?

80 2704 199 2787 felices,
222 2705 329 2766 mediis
352 2707 405 2786 qui
427 2723 460 2766 se
483 2706 554 2768 dare
576 2703 718 2768 fluctibus
741 2705 807 2765 ausi

80 2811 139 2854 neo
163 2800 261 2854 tantos
285 2796 417 2881 timuere
436 2795 506 2855 uias
524 2793 672 2897 talemque
696 2794 792 2854 secuti

80 2881 141 2942 huo
166 2884 218 2960 qui
241 2881 348 2969 deiude
371 2883 486 2944 ιιιιιιιιιι
509 2881 562 2945 sed
585 2884 629 2944 sio
652 2898 771 2961 quoque
795 2897 884 2947 carus
905 2875 994 2962 obito.
1066 2889 1118 2955 tot

80 2978 148 3032 tum
169 2962 277 3031 iactatu
300 2979 366 3032 toro
390 2971 558 3050 durumque
582 2977 705 3052 experta
727 2967 835 3053 ouhiie,
