2362 3938
113 170 156 234 74
537 169 696 224 elenau.

112 331 257 398 sentibus
277 330 455 396 commodis
473 333 691 414 periculorum
710 332 815 416 gloria
831 333 1055 417 praeoptanda
1074 335 1128 402 sia

110 419 186 486 Non
210 419 296 484 enim
324 420 353 484 si
377 420 534 484 orationis
558 422 741 505 plusculum
765 421 800 485 in
824 421 947 486 curiam
972 422 1126 487 detuleri-

110 529 183 572 mus
212 511 269 574 aut
296 511 426 592 compta
456 509 533 573 salis
566 514 664 592 atque
697 510 863 575 ornatiora
889 511 991 575 verba
1018 533 1127 595 prom·

111 597 288 681 pserimus,
316 598 400 662 exim
427 597 521 661 nobis
550 596 671 680 aliquid
696 598 813 663 virium
842 620 1048 665 accessurum
1077 604 1127 666 est

85 689 147 752 set
169 709 260 752 erma
282 685 472 751 fabricanda
493 707 579 749 nova
603 685 642 748 de
664 686 781 751 verbis.

203 773 261 840 ll.
301 773 345 839 At
375 774 460 838 dices
491 794 646 856 magnum
675 774 769 838 illum
800 779 832 839 et
861 776 1125 858 potentissimum
1143 787 1179 839 15

111 885 221 949 regem
249 861 389 927 Xerxem
418 862 534 947 fuisse,
567 863 624 926 sed
655 863 790 928 eundem
820 867 933 928 nostro
965 871 1126 949 apparatu

112 956 306 1037 superatum.
344 950 519 1016 Donamus,
556 950 601 1015 Et
619 973 814 1035 quamquam
832 952 920 1016 haud
938 952 1034 1017 dubie
1053 976 1126 1038 pro·

111 1040 267 1105 filendum
295 1039 339 1103 sit
366 1061 426 1103 nos
454 1039 542 1104 illius
568 1040 690 1105 viribus
718 1041 860 1104 minores
890 1040 986 1125 longe
1014 1042 1126 1127 fuisse,

73 1149 99 1189 10
114 1129 249 1194 consilio
273 1149 348 1192 vero
372 1127 423 1190 vel
450 1128 621 1212 prudentia
644 1129 799 1212 potiores,
826 1150 914 1193 nuno
938 1133 1049 1194 tamen
1078 1131 1126 1195 in-

111 1215 225 1299 telligo
254 1215 410 1299 videoque
445 1237 485 1279 ne
517 1216 599 1281 illud
632 1217 761 1300 quidem
789 1216 975 1282 Alexandro
1004 1219 1125 1302 deesse,

111 1325 174 1388 quo
195 1304 326 1369 anobis
344 1303 469 1368 Xerxes
487 1305 631 1388 poluerit
649 1306 804 1390 superari.
837 1306 1004 1371 Trcdecim
1024 1307 1124 1372 ferme

111 1393 177 1458 iam
196 1414 329 1457 numero
349 1392 418 1458 eius
437 1393 523 1457 bella
541 1394 664 1476 pariler
682 1398 714 1458 et
728 1395 884 1459 victoriae
903 1400 1124 1479 numerantur,

113 1482 324 1567 civitatesque
343 1481 393 1545 illi
411 1482 609 1566 innumerae,
629 1482 706 1566 quin
724 1483 824 1548 immo
844 1484 1030 1566 provinciae
1050 1507 1123 1549 con-

71 1590 249 1650 rosensem,
272 1574 329 1634 aut
353 1591 434 1654 quae
454 1571 676 1636 contumacius
696 1575 812 1654 sponte
836 1572 945 1636 cedere
969 1573 1124 1638 detrecta-

110 1659 233 1743 verint,
261 1658 462 1742 subiugalae.
512 1659 600 1736 Quae
625 1682 722 1743 quam
746 1660 825 1725 dant
854 1661 1000 1726 consiliis
1027 1662 1123 1744 viam,

109 1748 174 1812 nisi
196 1752 233 1812 ut
257 1747 400 1830 periculo
426 1747 614 1813 careamus?
660 1748 821 1814 Videlicet
848 1749 938 1833 Tyrii
966 1750 1124 1835 imbelles,

110 1840 148 1901 ul
171 1837 218 1901 ait
240 1835 414 1918 Demades,
441 1836 531 1902 fuere
560 1841 593 1902 et
619 1837 739 1903 idcirco
769 1838 921 1922 superati.
966 1837 1021 1902 Illi
1047 1843 1124 1903 sunl

111 1923 215 2010 Tyrii,
245 1924 301 2009 qui
329 1925 500 1990 adversum
529 1926 666 1991 classem
693 1927 895 1991 innumeram
921 1926 1021 1991 Xerxi
1050 1950 1123 1993 con-

69 2032 98 2072 so
111 2013 322 2078 fidentissime
357 2015 546 2080 rest‘lerunt
586 2019 684 2099 elque
721 2037 794 2079 eam
831 2015 981 2098 deinceps
1017 2016 1124 2080 incen-

111 2103 236 2168 derunt.
285 2101 443 2187 Inermes,
472 2103 592 2187 inquit,
619 2102 775 2169 Thebani.
820 2102 916 2167 Illine
946 2104 1000 2184 qui
1029 2125 1124 2168 omne

111 2211 224 2255 aevum
247 2212 440 2276 omnemque
464 2195 604 2255 aetatem
633 2211 725 2254 suam
749 2210 813 2254 non
841 2189 876 2253 in
900 2190 992 2253 bellis
1016 2191 1123 2273 modo,

110 2299 222 2343 verum
245 2279 280 2342 in
303 2279 448 2344 victoriis
473 2277 763 2359 consumpserunt?

202 2365 259 2434 12.
293 2367 392 2431 Addit
415 2368 512 2431 eliam
536 2365 787 2448 Peloponnesios
810 2384 877 2428 non
899 2364 984 2429 bello
1009 2365 1122 2452 victos,
1142 2378 1177 2428 16

69 2471 97 2512 2⁵
112 2449 281 2521 sed‘fame
309 2456 425 2540 lueque
453 2457 636 2539 superatos:
664 2453 781 2536 quibus
809 2452 940 2537 quidem
963 2454 1122 2539 Pelopon-

109 2544 210 2609 nesiis
232 2543 454 2609 Alexandrum
481 2542 560 2607 salis
588 2544 718 2608 constat
739 2543 903 2608 frumenta
927 2566 1053 2628 quoque
1077 2545 1123 2609 la·

109 2632 300 2697 boranlibus'
315 2631 479 2725 direxisse,
499 2631 577 2696 adeo
596 2634 633 2695 ut
647 2631 825 2716 Antigono,
844 2632 924 2698 duce
935 2634 1122 2714 Alexandri,

199 2852 286 2904 3aul
303 2850 339 2904 A.
368 2852 400 2904 ut
418 2850 450 2904 P.
479 2852 508 2905 et
525 2857 552 2904 ’1.
627 2850 826 2907 biabricenda
844 2857 872 2907 P.
901 2853 1009 2907 fabrica
1028 2852 1062 2905 A.

199 2921 248 2977 11.
288 2926 304 2974 6
327 2920 366 2974 Aa
394 2919 470 2974 dices
498 2937 631 2989 maguum
658 2921 740 2977 illum
768 2930 795 2979 1.
804 2924 837 2977 P.
874 2922 962 2977 Addis
989 2939 1122 2990 magnum

109 2990 181 3045 illud
198 2992 235 3046 A.
271 2991 449 3060 potissimum
468 2998 495 3049 1,
556 2995 730 3062 lapparatu
749 2995 910 3063 superatum
928 2993 1002 3047 ΑΡ.
1035 3008 1122 3059 appa·

109 3063 202 3116 ratum
225 3069 252 3115 ’1.
325 3063 390 3115 811
413 3079 583 3130 quamquam
606 3064 683 3118 haud
707 3064 790 3118 dubie
814 3064 846 3118 P.
884 3065 914 3117 et
937 3078 1021 3130 quam
1046 3062 1122 3115 haud

110 3132 227 3187 dubium
244 3133 281 3187 A.
313 3132 440 3200 quamvis
462 3134 539 3187 haud
562 3133 648 3188 dubia
670 3151 714 3188 ros
731 3141 759 3187 1.
860 3140 892 3187 10
911 3133 956 3188 vel
974 3133 1008 3186 A.
1047 3133 1121 3187 111.

107 3206 139 3300 il
157 3247 189 3302 P.
234 3253 268 3302 11
287 3247 322 3302 de
341 3245 500 3301 Alexandro
520 3254 546 3302 1.
594 3254 624 3302 11
645 3265 699 3316 quo
719 3248 796 3303 AP.
825 3247 900 3314 quod
918 3253 945 3298 1.
982 3245 1075 3314 potuit
1094 3253 1120 3301 1.

111 3323 145 3373 11
163 3318 214 3373 illo
230 3325 257 3372 1,
296 3324 329 3374 16
348 3317 496 3387 subiugare
511 3317 546 3371 A.
571 3335 643 3385 quae
661 3335 711 3373 om.
726 3325 753 3371 ’1.
780 3316 891 3371 consilii
905 3323 932 3370 1.
971 3321 1003 3370 11
1024 3333 1121 3371 cavea·

108 3390 264 3459 11111111)
305 3395 339 3444 10
358 3405 419 3444 eam
438 3388 512 3443 AP.
536 3387 654 3442 eandem
672 3393 700 3440 1.
742 3392 776 3441 11
796 3403 895 3442 aevum
914 3387 987 3440 AP.
1012 3403 1075 3440 eum
1094 3394 1123 3443 1.

108 3464 143 3514 13
164 3461 396 3528 consumpserunt
414 3461 480 3515 1.Ρ.
513 3461 712 3513 consenserunt
729 3461 764 3513 A.

200 3531 247 3586 11.
281 3537 316 3585 11
334 3531 408 3584 bello
428 3538 455 3584 ’1.
484 3529 588 3583 abillo
607 3528 681 3583 AP.
