2362 3938
131 192 174 258 30
470 189 500 246 c.
519 189 804 246 vmunrroaocr

174 339 234 401 llas
257 343 336 401 inter
360 340 472 401 medias
496 338 629 418 Dryopes
652 342 683 400 iu
706 340 833 418 imagine
857 349 971 402 maesta

129 429 181 489 llet
204 428 303 490 Venus
326 437 358 490 et
380 431 478 490 saeuis
501 428 608 489 ardens
631 426 686 488 dea
708 426 876 508 planctibus
900 431 993 491 instat
1087 437 1123 490 uo

130 520 285 597 primaque
309 513 500 579 ‘Sarmaticas
523 519 637 577 utinam
660 517 791 578 Fortuna
815 517 949 580 dedisset

131 607 277 668 insedisse
301 606 404 668 domos
428 608 589 684 tristesque
612 605 760 666 habitasse
784 608 917 689 pruinas,

129 695 261 775 plaustra
285 698 383 777 sequI,
406 695 536 756 aeliam
559 696 671 773 patriae
695 693 806 755 uidisse
829 713 884 774 per
907 697 993 773 ignes

131 784 249 845 culmen
272 786 319 863 agi
343 791 531 863 stragemque
555 781 657 843 derum!
681 801 749 844 nam
772 790 872 844 cetera
895 783 967 844 belli

130 876 324 952 perpetimur.
369 891 456 933 mene
480 871 528 931 ille
552 873 653 952 nouis,
676 890 723 931 me
747 872 877 933 destinat
900 890 1004 934 amens
1089 881 1126 932 180
1180 929 1181 935 ,

132 959 286 1022 seruitiis?
309 960 416 1021 urbem
439 960 595 1039 aufugiens
619 966 763 1039 natosque
787 957 978 1038 relinquam?

130 1067 190 1108 non
213 1051 297 1131 prius
321 1067 392 1109 ense
414 1067 520 1109 manus
543 1055 688 1127 raptoque
712 1047 891 1109 armabimus
914 1051 995 1130 igne,

131 1137 261 1215 dumque
286 1135 375 1196 silent
397 1138 570 1213 ducuntque
594 1154 672 1196 noua
696 1139 914 1214 cumconiuge
938 1155 1070 1220 somnos

131 1242 270 1302 magnum
293 1223 403 1302 aliquid
426 1223 551 1302 spirabit
574 1219 690 1284 amorl'
714 1232 786 1285 tuuc
809 1226 893 1303 ignea
919 1232 1065 1304 torquens

131 1311 243 1372 lumina
265 1313 445 1391 praecipites
468 1314 600 1372 excussit
623 1311 659 1372 ab
683 1312 776 1373 ubere
800 1320 893 1373 natos.
1096 1321 1134 1374 tto

130 1399 212 1460 ilicet
235 1408 367 1461 arrectae
391 1407 506 1461 mentes
530 1402 686 1479 euictaque
710 1410 839 1462 matrum

131 1488 222 1550 corda
245 1507 328 1550 sacer
351 1487 475 1550 Veneris
498 1491 626 1568 gemitus
649 1493 739 1569 rapit:
762 1507 892 1568 aequora
915 1499 1043 1562 cunctae

130 1580 318 1657 prospiciunt
341 1578 538 1658 simulantque
563 1577 670 1639 choros
694 1575 876 1656 delubraque
899 1579 976 1639 iesta

131 1666 236 1727 ironde
259 1675 365 1746 tegunt
386 1666 539 1746 laetaeque
563 1670 638 1728 uiris
661 1666 851 1728 uenientibus
874 1667 993 1730 adsunt.

130 1756 248 1833 iamque
272 1756 375 1817 domos
399 1774 575 1834 mensasque
598 1764 719 1836 petuut3
742 1755 940 1816 discumbitur
963 1756 1033 1818 altis
1097 1768 1143 1819 tto

130 1843 310 1925 porticibus3
334 1863 387 1906 sua
411 1847 518 1924 cuique
542 1842 645 1904 furens
669 1845 846 1923 funestaque
870 1846 1002 1907 coniunx

131 1930 258 2014 adiacet,
281 1934 392 1994 interni
415 1933 510 2013 qualis
533 1931 589 1993 sub
612 1940 700 1994 nocte
724 1932 856 1994 barathri

132 2021 259 2082 adcubat
282 2024 439 2082 attonitum
461 2021 610 2101 Phlegyan
634 2029 665 2081 et
679 2020 803 2082 -Thesea
824 2024 907 2082 iuxta

131 2109 293 2190 Tisiphone
314 2129 476 2189 saeuasque
501 2111 591 2189 dapes
615 2117 645 2170 et
663 2110 769 2190 pocula
791 2109 863 2170 libat

132 2190 289 2278 (tormenti
312 2192 422 2281 genus)
447 2206 476 2258 et
499 2201 593 2277 nigris
617 2199 804 2279 amplectitur
827 2197 937 2278 hydris.
1099 2213 1149 2264 195

175 2285 242 2365 lpsa
265 2285 365 2348 Venus
388 2304 532 2367 quassans
556 2287 717 2348 undantem
741 2286 860 2348 turbiue
883 2288 988 2367 pinum

130 2371 312 2450 adglomerat
335 2374 473 2436 tenebras
495 2393 671 2454 pugnaeque
696 2375 830 2436 adcincta
852 2383 1033 2438 trementem

131 2459 230 2521 desilit
252 2464 283 2521 in
306 2462 452 2543 Lemuou;
476 2463 584 2524 nimbis
608 2470 638 2523 et
661 2463 727 2523 luce
751 2463 868 2542 fragosa

129 2551 324 2627 prosequitur
346 2550 432 2630 polus
457 2558 486 2610 et
509 2554 624 2611 tonitru
646 2559 732 2630 pater
755 2560 843 2631 auget
866 2552 988 2613 honoro.

130 2635 199 2696 inde
223 2654 332 2699 nouam
354 2639 476 2717 pauidas
500 2657 606 2699 uocem
630 2639 790 2701 furibunda
812 2660 867 2720 per
890 2659 978 2701 auras
1099 2657 1154 2707 200

131 2728 330 2808 congeminat,
354 2745 412 2805 qua
434 2726 538 2805 pulsus
562 2727 654 2788 Athos
678 2737 708 2789 et
730 2737 839 2808 pontus
863 2740 894 2790 et
916 2732 1022 2809 iugens

130 2812 245 2874 Thraca
263 2823 353 2895 pauet
375 2818 546 2895 pariterque
570 2819 645 2877 toris
669 2817 824 2879 exhorruit
847 2820 942 2879 omnis

130 2911 226 2963 mater
249 2912 280 2965 et
302 2904 444 2966 adstricto
468 2908 627 2984 riguerunt
648 2906 742 2968 ubere
766 2909 835 2968 nati.

130 2991 278 3053 adcelerat
300 2992 397 3055 Pauor
421 3002 451 3055 et
474 2995 584 3056 Geticis
608 2995 762 3057 lliscordia
784 2997 906 3057 demens

130 3099 146 3140 e
170 3081 295 3143 stabulis
319 3091 459 3163 atraeque
483 3087 567 3163 genis
590 3085 769 3164 pallentibus
792 3084 856 3144 lrae
1096 3097 1154 3148 205

130 3177 160 3229 et
183 3170 273 3234 llolus
297 3180 328 3231 et
350 3172 458 3232 Rabies
482 3181 512 3232 et
535 3172 600 3233 Leti
624 3175 718 3234 maior
740 3176 836 3249 imago

128 3259 193 3316 uisa
216 3265 318 3320 truces
342 3269 443 3323 exerta
466 3278 584 3342 manus,
608 3269 642 3321 ut
665 3264 759 3340 prima
782 3264 890 3317 uocatu

128 3346 260 3405 intonuit
282 3349 460 3426 signumque
485 3349 566 3409 dedit
588 3347 733 3408 Mauortia
756 3347 893 3406 coniunx.

128 3427 176 3488 hic
200 3431 280 3492 aliud
302 3433 402 3495 Venus
426 3443 456 3496 et
479 3436 572 3496 multo
596 3438 689 3514 magis
712 3437 775 3514 ipsa
798 3430 986 3492 tremendum

126 3535 195 3576 orsa
217 3519 300 3580 netas
323 3525 452 3598 gemitus
475 3524 559 3602 fingit
581 3540 731 3600 uocesque
755 3517 912 3579 cadentum
1091 3536 1149 3588 210
