2362 3938
452 199 568 258 ACTUS
588 201 811 259 ALEXANDRI.
1082 204 1123 269 91

202 361 387 427 Alexander
405 363 616 429 nihilominus
635 366 769 450 propius
787 366 853 430 iam
873 364 990 432 Persas
1014 368 1068 432 ad·
1104 374 1180 431 XIII.

112 453 208 536 ierat,
237 451 318 517 adeo
346 455 383 516 ut
409 453 443 517 in
471 457 648 537 conspectu
675 475 789 518 eorum
812 454 911 520 etiam
934 477 1044 521 muros
1068 457 1124 521 ha·

112 542 213 606 beret
258 539 432 607 Enimvero
461 541 722 609 aestimationem
744 542 945 607 intellectam
968 544 1124 610 adventus

112 630 163 695 sui
192 629 227 693 in
255 629 343 694 hunc
370 628 503 694 modum
529 630 624 695 ludit:
652 652 755 715 pecua
782 630 963 717 multigena
991 654 1047 697 seu
1075 655 1124 698 ar·

112 721 234 802 menta,
257 739 340 802 quae
363 717 430 782 illis
453 718 489 782 in
511 720 641 804 pascuis
666 718 880 803 abundarent,
903 722 1017 786 coacta
1039 741 1152 786 com-s

111 805 285 891 prehendi,
313 827 425 872 eorum
452 809 603 872 cornibus
631 806 817 873 frondentes
846 812 880 873 et
906 809 1124 875 auctiusculos

110 916 221 960 ramos
245 896 373 960 adnecti
390 895 495 980 iubet;
517 900 652 982 tumque
675 897 749 962 aliis
773 897 906 962 ramulis
927 897 1060 963 adnexis
1084 898 1126 964 ad

111 984 232 1050 caudas
246 983 406 1067 pecudum
424 985 625 1070 singularum
644 986 698 1071 agi
716 985 952 1071 praeimpedita
966 987 1124 1053 hactenus

111 1072 256 1156 mandat,
278 1078 449 1157 utramque
468 1074 609 1158 speciem
627 1075 751 1157 pariter
769 1075 928 1157 imitatus,
951 1078 987 1140 ut
1006 1080 1039 1140 et
1057 1097 1124 1141 ere·

110 1163 172 1227 ctis
196 1161 375 1246 frondibus,
393 1183 476 1246 quae
490 1162 632 1227 adnexae
647 1163 799 1228 cornibus
818 1155 1012 1248 ferebantur,
1032 1165 1125 1230 silve·
1139 1185 1166 1226 ro

111 1256 212 1315 strem
236 1250 398 1334 quandam
421 1250 560 1334 speciem
584 1272 662 1334 prae
686 1273 720 1317 se
743 1257 889 1337 agerent,
919 1275 957 1317 ex
985 1275 1049 1337 qua
1072 1275 1124 1319 oc·

111 1339 177 1404 culi
205 1340 430 1424 insequentem
459 1339 635 1405 exercitum
662 1339 760 1425 foret,
787 1346 820 1406 et
847 1343 961 1407 tractis
990 1343 1124 1407 ramulis

110 1427 218 1512 pulvis
247 1428 370 1492 excitus
398 1450 527 1493 omnem
551 1429 794 1494 dinoscentiam
809 1431 875 1495 veri
903 1431 1027 1495 eminus
1051 1452 1125 1495 con-

110 1516 258 1581 fudisset.
310 1515 356 1581 In
384 1517 447 1582 hoc
476 1518 577 1602 igitur
609 1539 647 1582 ex
674 1519 808 1601 pulvere
833 1519 1016 1601 nebulaque
1046 1520 1124 1601 eius,

110 1627 167 1689 per
190 1606 387 1670 immensum
405 1627 488 1690 quae
506 1607 606 1671 latius
626 1608 792 1690 agebatur,
816 1605 1034 1690 obstupefacti
1057 1607 1123 1671 iam
1137 1625 1164 1667 ιε

110 1694 268 1778 primum,
294 1697 365 1758 tum
389 1696 488 1760 etiam
512 1695 599 1760 ultra
623 1696 807 1779 opinionem
830 1694 942 1779 magni
965 1695 1124 1760 exercitus

109 1783 219 1847 territi
251 1782 368 1848 Persae
401 1787 534 1868 stupore
566 1785 662 1848 defixi
695 1787 778 1848 sunt.
832 1781 904 1848 Iam
935 1805 995 1867 per
1026 1783 1124 1848 inter-

110 1872 245 1937 nuntios
267 1872 459 1937 facultatem
487 1872 567 1937 belli
591 1871 661 1936 dari
684 1871 749 1937 sibi
773 1872 959 1936 decreverat
981 1871 1124 1936 Alexan·

111 1962 167 2026 der
194 1961 360 2044 postulare
394 1982 496 2044 eaque
523 1983 600 2027 cura
627 1961 796 2044 depressus
830 1959 865 2025 in
894 1980 1044 2024 somnum
1073 1963 1124 2025 est

111 2050 316 2133 somniatque
350 2049 413 2114 sibi
445 2049 540 2115 deum
572 2049 765 2114 Ammonem
798 2048 962 2113 adstitisse
994 2069 1124 2113 omnem
1137 2071 1164 2111 rc

110 2138 275 2221 habitum,
298 2158 362 2221 quo
386 2137 481 2203 deum
504 2137 700 2203 Mercurium
722 2137 813 2222 pingi
836 2138 965 2217 visitur,
994 2135 1125 2202 sibimet

110 2228 333 2311 porrigentem
357 2248 429 2291 cum
452 2226 502 2290 his
526 2226 702 2292 mandatis:
725 2225 795 2290 ‘En
818 2226 889 2306 tibi,
911 2225 960 2290 fili
982 2224 1124 2292 Alexan-

111 2316 182 2399 der,
211 2315 325 2380 adsum
352 2315 388 2380 in
415 2320 561 2399 tempore
591 2336 770 2399 moneoque
798 2315 840 2381 ab
868 2316 925 2380 illo
953 2319 1000 2399 te,
1028 2337 1124 2400 quem

111 2405 221 2489 legare
243 2404 432 2469 institueras
457 2404 498 2468 ad
520 2403 671 2487 Darium,
694 2403 788 2488 prodi
810 2405 966 2489 potuisse.
1012 2403 1124 2469 Enim·

111 2514 188 2558 vero
212 2492 290 2557 forti
310 2493 420 2558 animo
444 2513 506 2578 age
528 2496 659 2578 teteque
682 2493 754 2576 ipso
772 2515 831 2576 pro
855 2498 888 2558 te
910 2498 1002 2557 utere
1025 2493 1122 2558 inter·
1136 2512 1163 2554 as

110 2581 242 2663 nuntio,
273 2581 425 2647 videlicet
451 2582 515 2648 hoc
542 2582 631 2655 omni
658 2581 773 2647 habitu
805 2582 995 2665 adornatus,
1028 2602 1125 2665 quem

111 2692 197 2735 nunc
217 2692 236 2734 a
256 2691 307 2734 me
326 2670 388 2736 tibi
407 2670 515 2735 offerri
534 2670 726 2735 consideras.
762 2669 801 2736 Id
823 2672 910 2735 enim
929 2670 990 2735 etsi
1008 2691 1123 2753 parum

111 2759 296 2824 consultum
319 2758 393 2823 aliis
415 2758 543 2823 videtur
566 2779 676 2844 regem
700 2758 750 2824 sui
773 2759 881 2843 ipsum
903 2780 963 2842 pro
987 2779 1022 2822 se
1045 2779 1124 2822 nun-

111 2848 194 2911 tium
211 2847 290 2930 fieri,
308 2847 369 2911 tibi
386 2849 498 2912 tamen
516 2847 605 2911 istud
625 2848 745 2913 auxilio
764 2852 877 2914 nostro
892 2847 1034 2930 proclive
1054 2844 1123 2911 est'

202 2933 260 3001 26.
289 2935 388 3000 Paret
406 2956 462 3000 rex
480 2936 613 3001 monitis
632 2936 684 3000 dei
701 2937 914 3019 protinusque
927 2933 1065 2999 Enmelo
1115 2936 1172 2992 XI*

111 3025 289 3088 comitante
313 3045 394 3108 equo
418 3028 540 3105 vectus,
563 3029 731 3108 praeterea
754 3024 819 3089 alio
842 3021 1037 3086 subsidiario
1061 3020 1164 3087 sibim

113 3112 248 3194 adscito,
271 3113 460 3178 mandatum
479 3112 559 3198 agit.
600 3112 705 3196 Igitur
723 3132 795 3176 cum
815 3109 855 3174 ad
874 3108 1048 3193 Strangam
1065 3108 1123 3173 flu·

113 3202 200 3264 vium
220 3202 411 3285 devenisset,
433 3201 489 3286 qui
507 3202 697 3285 plerumque
720 3220 758 3264 ex
777 3197 981 3262 vehementia
998 3195 1124 3260 nivium

112 3289 192 3355 adeo
212 3289 386 3374 stringitur
409 3293 442 3354 et
465 3289 673 3375 congelascit,
696 3290 733 3353 ut
755 3287 860 3351 instar
881 3285 951 3351 saxi
971 3284 1124 3349 viabilem

203 3506 234 3554 11
255 3498 345 3555 occuli
364 3499 421 3554 Mr.
445 3499 520 3555 oculi
539 3499 573 3553 P.
647 3504 681 3553 20
700 3510 860 3552 ammonam
878 3495 911 3550 P.

201 3571 250 3625 26.
283 3576 317 3625 30
336 3569 454 3626 Eumelo
473 3571 532 3627 Mr.
556 3569 682 3624 Eumeda
701 3570 734 3626 P.
