2362 3938
361 160 651 216 ARGONAU'I'ICON
668 160 786 216 BHM
794 162 848 217 nn
1065 162 1118 230 ἢ

87 309 220 370 heroum
242 326 357 369 manus
402 317 470 370 ante
494 328 598 369 omnes
620 310 716 388 Argoa
738 309 860 370 iubebat

88 397 192 458 uincla
214 399 280 476 rapi
303 396 407 458 Calais.
453 398 546 459 furias
568 395 694 458 miratur
717 406 860 459 ouauturn

88 485 247 566 Aeacides,
269 485 441 564 multusque
464 488 523 546 uiri
546 488 716 547 cunctantia
739 486 828 547 corda

89 574 151 634 lert
173 573 273 654 dolor,
295 592 332 634 an
356 591 422 633 sese
446 577 586 636 comitem
607 582 668 634 tam
690 573 827 635 tristibus
851 577 925 634 actis

83 661 219 741 abneget
241 670 273 722 et
296 661 369 722 celsi
389 679 527 723 maerens
549 669 631 742 petat
654 662 745 723 ardua
768 664 886 723 montis.
1053 675 1105 725 695

89 768 152 810 non
175 759 275 810 tamen
299 759 331 810 et
353 753 480 828 gemitus
504 758 534 810 et
557 753 660 811 inanes
684 751 793 811 desinit
815 753 875 811 iras

89 837 226 900 tundere.
272 834 351 916 ‘quis
374 841 465 899 terris
486 857 542 918 pro
566 837 711 918 luppiter'
734 841 832 918 inquit
855 833 989 900 ‘Achaeis

89 928 147 986 iste
171 925 248 987 dies!
272 929 355 987 saeui
378 929 495 1006 capient
519 945 593 1006 quae
617 927 723 1006 gaudia
747 925 860 987 Colchi!

89 1032 151 1074 non
174 1014 205 1074 bi
228 1024 293 1075 tum
315 1014 417 1095 ssatus,
439 1033 499 1075 non
523 1018 580 1075 ista
603 1015 742 1094 superbia
765 1015 861 1096 dietis,

88 1102 177 1162 litore
201 1121 271 1163 cnm
292 1106 402 1184 patrio,
425 1106 483 1163 iam
505 1103 572 1164 uela
595 1103 801 1206 prementibus
823 1107 943 1185 anstriS,
1051 1117 1103 1166 700

89 1199 217 1252 cunctus
240 1191 276 1251 ad
300 1191 422 1252 Alciden
444 1210 554 1253 uersus
576 1192 675 1253 iauor:
698 1194 761 1271 ipse
784 1195 912 1273 iuuaret,

88 1281 153 1357 ipse
177 1279 262 1340 ducis
286 1297 373 1340 curas
395 1283 579 1359 meritosque
603 1280 718 1341 subiret
740 1281 878 1342 bonores.

88 1369 186 1427 iamne
210 1369 328 1449 animis,
350 1370 409 1428 iam
432 1377 519 1449 gente
542 1387 643 1450 pares,
666 1369 762 1448 adque
784 1369 885 1430 inolita
908 1372 989 1430 iuxta

89 1452 234 1516 dextera?
256 1455 336 1517 nulla
359 1456 447 1537 fides,
470 1457 544 1517 nulli
567 1475 658 1536 super
681 1457 810 1518 Hercule
833 1454 944 1517 fletus?

88 1562 168 1603 nnnc
192 1542 418 1626 Parthaonides,
441 1564 520 1606 nunc
544 1545 604 1605 dux
627 1545 699 1605 milri
722 1545 847 1605 Thracia
869 1541 990 1623 proles?
1050 1555 1101 1606 705
1126 1588 1131 1597 .

88 1649 193 1710 aspera
215 1651 296 1693 nunc
318 1633 443 1711 pauidos
466 1642 569 1693 contra
592 1636 653 1694 ruit
676 1651 749 1711 agna
771 1629 895 1692 leones?

88 1718 164 1780 banc
188 1738 243 1799 ego
265 1723 445 1800 magnanimi
468 1722 596 1801 spolium
619 1721 806 1801 Didymaonis
829 1721 951 1800 hastam,

89 1825 164 1886 qnae
187 1826 286 1888 neque
309 1811 367 1869 iam
390 1809 511 1870 frondes
533 1809 646 1870 uirides
669 1829 724 1870 nec
748 1809 881 1888 proferet
902 1808 1033 1888 umbras,

47 1931 50 1936 -
88 1904 121 1957 ut
144 1896 237 1957 semel
260 1905 306 1957 est
329 1898 433 1958 ertulsa
455 1900 532 1977 iugis
556 1916 590 1958 ac
614 1906 707 1958 matre
731 1905 883 1977 perempta

87 1984 143 2044 lida
167 1987 332 2046 ministeria
354 1994 384 2046 et
407 1986 497 2046 duras
520 1986 583 2046 obit
604 1986 724 2046 barrida
747 2004 871 2066 pugnas,
1049 1995 1100 2045 ⁷10

86 2083 183 2134 testor
206 2082 237 2134 et
258 2074 316 2134 hoc
339 2075 433 2155 omni,
456 2073 576 2154 drrctor,
599 2073 653 2134 tibi
676 2077 797 2134 numine
821 2074 919 2132 firmo:

86 2179 175 2241 saepe
199 2170 296 2243 metu,
319 2180 407 2242 saepe
429 2164 461 2222 in
484 2165 568 2223 tenui
591 2162 763 2222 discrimine
787 2180 888 2221 rerum

85 2248 250 2311 llcrculeas
272 2252 331 2310 iam
354 2268 441 2310 serus
464 2270 536 2330 opes
560 2252 712 2329 spretique
737 2249 857 2321 necabis

86 2355 168 2398 arma
192 2341 265 2419 uiri,
288 2356 344 2398 nec
368 2357 422 2398 nos
444 2339 557 2399 tumida
580 2339 653 2399 baec
677 2347 740 2399 tum
763 2338 841 2398 dieta
863 2331 1029 2397 iuuabunt?

132 2425 254 2487 Talibus
277 2427 419 2487 Aeacides
443 2429 540 2487 socios
563 2426 729 2487 terroribus
752 2444 863 2504 nrgms
1050 2433 1101 2484 ‘115

84 2514 253 2575 inlacrimat
276 2515 428 2594 multaque
453 2534 552 2576 comas
575 2516 721 2575 deformat
744 2516 863 2575 harena.

83 2602 146 2663 fata
168 2602 304 2683 trabunt,
328 2612 490 2682 raptusque
515 2606 615 2664 uirum
637 2606 798 2664 certamine
822 2603 929 2663 ductor

83 2689 147 2750 ibat
170 2699 201 2750 et
223 2699 344 2770 optenta
366 2691 515 2752 mrdcebat
537 2691 648 2752 lumina
671 2692 755 2771 palla.

84 2778 136 2838 bic
158 2796 233 2839 uero
256 2781 371 2858 ingenti
393 2787 572 2859 repetuntur
594 2789 715 2860 pectora
738 2782 831 2860 luctu,

83 2875 118 2927 ut
142 2868 216 2927 socii
239 2867 345 2946 sedere
367 2868 441 2929 locis
464 2868 621 2948 nullaeque
645 2869 740 2929 leonis

83 2955 213 3015 exuuiae
237 2957 371 3034 tantique
395 2965 502 3017 uacant
524 2959 649 3036 uestigia
672 2958 803 3018 transtri.

80 3042 136 3103 llet
157 3044 227 3122 pius
250 3044 406 3126 Aeacides,
428 3054 562 3106 maerent
584 3045 724 3105 Poeantia
748 3042 845 3122 corda,

79 3133 208 3210 ingemit
231 3139 262 3192 et
280 3132 360 3193 dulei
383 3135 475 3195 irater
498 3153 567 3195 cum
591 3133 711 3194 Castore
735 3131 846 3192 Pollux.

79 3221 181 3280 omnis
204 3219 301 3281 adbuc
324 3230 411 3281 uocat
434 3221 555 3282 Alciden
580 3223 710 3300 largiente
734 3222 843 3299 carina,

79 3309 181 3369 omnis
203 3307 312 3389 Hylan,
335 3309 432 3369 medio
456 3313 611 3388 pereuntia
634 3311 753 3369 nomina
776 3315 876 3387 ponto.
1048 3315 1098 3364 725

125 3395 184 3457 Dat
205 3396 312 3476 procul
335 3400 450 3458 interea
473 3405 536 3458 toto
559 3406 644 3476 pater
667 3414 795 3475 aequore
820 3397 937 3473 signum

76 3485 216 3564 Pborcys
239 3493 270 3546 et
293 3487 427 3546 inmanes
450 3488 562 3547 intorto
586 3487 700 3546 murice
723 3485 833 3564 plroeas
