2362 3938
346 107 639 164 ARGONAUTICON
657 107 767 162 LIBER
785 107 832 164 VI.
1034 107 1096 171 117

77 259 181 339 aegida
204 266 269 318 tum
291 260 421 337 primum
444 259 529 335 uirgo
553 259 722 336 spiramque
745 256 885 317 Medusae

78 359 125 411 ter
148 355 271 409 centum
294 344 400 406 saeuis·
415 345 601 425 squalentem
623 345 745 406 sustulit
767 344 878 426 hydris,

79 455 169 517 quam
193 435 248 495 soli
272 435 389 495 uidistis
413 436 491 513 equi.
536 451 631 512 pauor
655 441 781 513 occupat
803 435 909 513 ingens

80 526 216 587 excussis
238 525 270 583 in
293 530 376 601 terga
398 524 487 603 uiris,
512 522 664 600 diramque
689 530 866 600 retorquent

79 619 109 675 in
133 614 232 674 socios
255 629 315 670 non
338 618 444 689 sponte
466 610 555 670 luem.
601 617 673 670 tunc
697 609 819 671 ensibus
842 612 928 671 uncis
1046 621 1099 671 400

74 702 202 782 'inplicat
225 707 256 759 et
278 698 412 777 trepidos
435 699 546 759 lacerat
565 698 714 758 discordia
738 717 853 759 currus.

80 790 228 852 Romanas
251 787 347 847 ueluti
370 789 543 847 saeuissime
567 805 636 847 cum
659 786 790 865 legiones

81 877 243 958 Tisiphone
263 894 413 955 regesque
438 882 552 956 mouet,
577 893 706 953 quorum
724 877 840 954 agmina
863 875 931 955 pilis

81 967 177 1027 isdem
201 964 367 1042 aquilisque
392 966 543 1042 utrimque
565 965 689 1045 micant,
713 965 876 1044 eademque
900 972 1040 1045 parentes

58 1073 151 1116 ‘rura
175 1053 290 1134 colunt,
312 1053 392 1112 idem
415 1052 509 1112 lectos
532 1070 568 1112 ex
591 1051 729 1112 omnibus
753 1055 831 1132 agris
1046 1062 1098 1114 400

82 1146 206 1204 miserat
227 1140 330 1202 infelix
354 1158 414 1200 non
437 1140 510 1201 haec
534 1140 570 1200 ad
593 1141 706 1220 proelia
729 1141 869 1220 Thybris:

82 1235 124 1293 sio
147 1229 237 1290 modo
260 1230 425 1289 concordes
448 1237 630 1308 externaque
655 1230 713 1290 lata
736 1237 873 1310 petentes

81 1319 204 1380 Palladii
227 1335 354 1396 rapuere
379 1325 490 1398 metus,
513 1319 556 1378 sic
579 1320 611 1376 in
634 1336 687 1377 sua
710 1321 792 1379 uersi

82 1409 190 1469 lunera
212 1414 398 1467 concurrunt
421 1405 549 1466 dominis
572 1405 784 1467 reuocantibus
808 1425 886 1467 axes.
1107 1461 1111 1467 .

82 1515 142 1557 non
165 1502 227 1556 tam
249 1495 336 1554 foeda
359 1497 459 1555 uirum
482 1492 680 1555 Lanuentibus
703 1496 818 1573 agmina
842 1496 931 1555 terris
1047 1505 1100 1554 410

82 1587 199 1646 eiecere
224 1584 288 1643 noti
295 1630 305 1664 ,
327 1581 438 1663 Libyco
462 1600 517 1642 000
540 1583 607 1643 talis
629 1584 727 1662 imago

81 1674 183 1753 litore,
206 1689 276 1732 cum
298 1672 407 1732 fractas
429 1671 590 1732 inuoluunt
612 1690 741 1749 aequora
763 1689 886 1751 puppes.

81 1763 151 1822 hinc
174 1760 306 1841 biiuges,
328 1758 409 1820 ilan
433 1768 516 1820 artus
539 1768 705 1822 cernuntur
728 1760 825 1840 eriles,

82 1868 158 1928 quos
180 1847 271 1929 radii,
294 1866 370 1927 quos
393 1848 473 1908 serra
497 1856 610 1929 secant;
634 1849 821 1928 trahiturque
845 1847 994 1926 trahitque

83 1956 192 2000 currus
216 1935 306 1998 caede
329 1936 452 1997 madens
474 1944 598 2016 atroque
621 1938 653 1996 in
676 1937 801 2016 puluere
825 1954 930 2015 regum
1047 1945 1100 1994 415

81 2029 200 2088 uiscera
222 2043 303 2086 mmo
326 2023 405 2106 aliis,
427 2024 492 2085 aliis
517 2043 597 2086 nunc
621 2023 726 2085 axibus
749 2025 881 2085 haerent.

81 2115 155 2175 haut
177 2114 251 2174 moti
273 2112 453 2174 Colchorum
475 2115 578 2174 animi:
600 2132 698 2191 neque
721 2118 841 2176 mittere
858 2120 996 2190 parcunt

82 2203 154 2284 tela,
177 2210 224 2262 set
246 2201 396 2281 inplicitos
418 2204 586 2280 miseraque
609 2204 641 2263 in
663 2210 746 2280 peste
770 2204 924 2262 reuinctos

82 2291 258 2353 confodiunt
281 2307 314 2350 ac
337 2291 432 2350 forma
455 2293 537 2351 necis
560 2308 620 2350 000
644 2289 735 2351 altera
758 2293 862 2372 surgit,

83 2399 173 2460 quam
195 2384 303 2441 ceruos
326 2377 387 2439 ubi,
401 2397 461 2439 non
484 2378 595 2439 Umbro
619 2387 744 2440 uenator
767 2379 861 2461 edaci,
1047 2387 1101 2438 420

83 2488 143 2531 non
166 2470 258 2548 pinna
280 2471 369 2550 petit,
391 2468 549 2530 haerentes
573 2467 625 2530 sed
649 2467 791 2529 cornibus
815 2468 881 2529 altis

82 2559 199 2620 inuenit
223 2565 254 2619 et
276 2576 364 2618 caeca
388 2561 567 2621 constrictos
586 2563 695 2641 excipit
718 2563 771 2623 ira.

81 2650 146 2728 ipse
169 2646 338 2707 recollectis
362 2647 456 2708 audax
480 2649 671 2711 Ariasmenus
694 2652 784 2710 armis

82 2736 194 2818 desilit3
216 2735 301 2796 illum
323 2737 401 2797 acies
425 2755 536 2798 curuae
559 2746 641 2800 secat
662 2739 794 2818 undique
818 2738 901 2798 lalcis

81 2829 271 2906 partiturque
293 2830 380 2910 rotis,
404 2829 499 2906 adque
521 2828 591 2888 inde
614 2828 743 2888 furentia
765 2834 868 2904 raptus
1042 2831 1096 2880 400

81 2918 114 2976 ἱο
137 2919 207 2997 iuga
230 2915 368 2978 Circaeos
391 2919 489 2997 tetigit
512 2936 572 2978 non
595 2915 721 2995 amplius
745 2932 840 2992 agros.

128 3005 210 3068 'l'alia
229 3009 367 3067 certatim
388 3006 503 3086 Minyae
527 3007 682 3086 sparsique
707 3002 807 3083 Cytaei

83 3096 190 3158 lunera
211 3094 378 3181 miscebant
401 3096 512 3175 campis
536 3093 744 3174 Scythiamque
768 3088 951 3171 premebant,

84 3204 155 3248 cum
177 3185 253 3247 luno
276 3184 440 3246 Aesonidae
464 3203 524 3245 non
546 3183 623 3244 hanc
647 3181 683 3242 ad
706 3181 817 3243 uellera
840 3194 967 3240 cernens

84 3292 151 3336 esse
173 3276 254 3336 uiam
277 3292 333 3335 nec
356 3275 399 3335 sie
422 3274 536 3334 reditus
559 3274 662 3350 regina
684 3270 839 3350 parandos,
1044 3273 1097 3322 400

84 3371 249 3426 extremam
266 3362 388 3424 molitur
412 3379 514 3442 opem,
538 3362 657 3421 funesta
678 3361 763 3439 prius
787 3375 875 3435 quam

85 3452 208 3515 consilia
232 3470 266 3513 ac
290 3469 395 3513 saeuas
418 3451 514 3530 aperit
536 3468 589 3509 rex
611 3449 743 3529 pertidus
766 3448 834 3506 iras.
