2376 3938
357 522 393 604 d.
421 521 595 603 valdai
622 521 784 606 allodi

215 701 916 843 anconaurroon

386 892 538 958 LIBER
561 891 755 958 PRIMUS.

516 1073 622 1080 ...---—

61 1218 161 1277 Prima
184 1217 274 1278 deum
296 1220 410 1297 magnis
434 1221 568 1279 canimus
592 1218 666 1277 ireta
689 1220 793 1296 peruia
816 1220 893 1277 uatis

61 1306 271 1386 fatidicamque
295 1315 403 1388 ratem,
428 1307 559 1386 Scythici
583 1323 657 1384 quae
681 1305 815 1366 Phasidis
839 1324 906 1366 oras

62 1412 134 1455 ausa
157 1399 242 1473 sequi
265 1395 438 1473 mediosque
462 1399 541 1455 inter
564 1398 632 1472 iuga
655 1396 771 1454 concita
791 1411 897 1454 cursus

61 1502 216 1565 rumpere,
239 1483 413 1545 flammifero
437 1485 557 1544 tandem
580 1481 715 1542 consedit
738 1481 870 1560 Olympo.

151 1572 283 1654 Phoebe,
306 1591 408 1653 mone,
431 1576 457 1632 si
481 1571 622 1651 Cymaeae
645 1570 717 1630 mihi
740 1572 859 1631 conscia
882 1573 959 1631 uatis
1059 1583 1075 1632 a

62 1668 120 1720 stat
144 1669 224 1722 casta
247 1662 362 1722 cortina
385 1661 486 1742 domo,
511 1662 536 1720 si
558 1660 659 1720 laurea
682 1659 769 1738 digna

62 1748 159 1809 fronte
183 1753 271 1810 uiret.
317 1758 410 1828 tuque
435 1768 465 1830 o,
488 1749 585 1829 pelagi
607 1750 657 1808 cui
680 1750 773 1807 maior
796 1748 893 1825 aperti

62 1836 151 1918 laura,
175 1837 351 1898 Caledonius
374 1846 532 1918 postquam
555 1846 606 1897 tua
629 1836 749 1896 carbasa
772 1838 855 1895 erexit

62 1942 190 1985 oceanus
214 1927 357 2006 Phrygios
380 1929 465 2006 prius
488 1925 657 2004 indignatus
681 1924 769 2004 iulos,

62 2016 144 2092 eripe
168 2033 214 2074 me
238 2015 355 2094 populis
380 2023 409 2075 et
432 2014 554 2074 habenti
577 2013 677 2073 nubila
700 2021 806 2092 terrae,
834 2019 836 2023 ’
1042 2026 1076 2075 10

62 2111 162 2162 sancte
185 2109 282 2184 pater,
305 2110 503 2182 uotorumque
528 2104 608 2183 saue,
631 2103 814 2181 uenerande,
838 2103 956 2160 canenti

62 2190 139 2250 facta
161 2193 269 2252 uirum.
315 2210 434 2254 uersam
457 2192 556 2271 proles
580 2199 631 2251 tua
653 2190 763 2270 pandet
785 2189 910 2249 ldnmen

61 2271 205 2361 (namque
228 2275 355 2362 potest),
380 2281 498 2360 Solymo
522 2299 556 2340 ao
579 2281 746 2359 nigrantem
767 2277 892 2358 puluere
916 2278 1040 2341 fratrem

61 2377 310 2448 spargentemque
334 2370 413 2430 laces
433 2377 463 2429 et
485 2372 517 2429 in
541 2371 621 2429 omni
644 2377 728 2429 turre
751 2368 909 2428 furentem.
983 2394 987 2405 ν

59 2456 108 2517 ille
132 2457 187 2518 tibi
210 2458 368 2536 cultusque
392 2458 481 2519 deum
504 2457 687 2535 delubraque
711 2464 831 2517 centnm
1043 2468 1075 2518 15

60 2547 209 2627 instituet,
234 2565 303 2606 cnm
325 2549 396 2627 iam,
420 2548 552 2628 genitor,
574 2546 688 2607 lucebis
712 2545 748 2606 ab
772 2547 853 2606 omni

58 2643 143 2712 parte
167 2634 235 2713 poli.
282 2653 378 2713 neque
403 2638 483 2696 enim
506 2635 602 2714 Tyriis
627 2634 778 2714 Cynosura
801 2634 910 2694 carinis

60 2724 173 2782 certior
190 2730 241 2782 aut
264 2723 348 2783 Grais
370 2723 472 2784 llelice
492 2723 638 2784 seruanda
661 2725 819 2803 magistris

59 2812 86 2869 si
110 2820 142 2870 tu
167 2812 249 2889 signa
274 2811 369 2892 dabis3
393 2812 445 2872 sed
468 2820 497 2872 te
522 2813 597 2873 duce
621 2811 743 2872 Graecia
766 2813 865 2871 nuttet

36 2906 90 2978 it
115 2898 206 2958 Sidon
229 2899 372 2978 Nilusque
395 2909 484 2961 rates.
529 2919 608 2960 nuno
632 2907 735 2959 nostra
758 2915 884 2959 serenus
1042 2907 1076 2957 ‘20

58 3004 128 3045 orsa
151 2989 250 3069 iuues,
274 2989 346 3049 haec
370 2997 403 3049 ut
426 2989 523 3049 Latias
547 3006 605 3048 uox
629 2987 749 3066 impleat
772 2985 871 3063 urbes

149 3073 340 3137 Haemoniam
362 3079 467 3157 primis
490 3077 585 3137 Pelias
609 3076 743 3136 frenabat
766 3074 802 3135 ab
827 3074 920 3151 annis,

57 3167 117 3224 iam
140 3167 240 3242 grauis
264 3174 294 3225 et
316 3165 422 3244 longus
445 3165 563 3244 populis
586 3173 697 3225 metus:
720 3164 799 3223 illius
822 3178 924 3221 amnes

57 3252 175 3312 lonium
199 3256 380 3333 quicumque
403 3261 523 3334 petunt,
547 3253 596 3314 ille
620 3252 735 3332 Othryn
758 3260 789 3312 et
811 3250 956 3310 Haemum

57 3340 156 3419 adque
179 3342 273 3402 imum
295 3342 365 3403 lelix
388 3341 528 3403 uersabat
550 3360 671 3403 uomere
691 3340 857 3421 Olympum.
1041 3349 1077 3399 25

56 3428 111 3490 sed
135 3430 277 3490 nonulla
302 3432 386 3509 quies
409 3433 507 3492 animo
531 3432 690 3511 fratrisque
714 3432 841 3512 pauenti

112 3538 164 3582 Vel.
177 3538 280 3580 amoena
863 3536 885 3584 1
