2362 3938
131 153 173 217 18
563 150 672 206 LIBER
690 150 710 206 I.

130 313 216 378 enim
238 313 307 377 labi
331 313 442 378 omnia
466 335 539 379 cum
561 313 720 379 facilitate
739 313 889 378 donandi.
928 312 1034 388 Quare
1058 315 1144 398 quod

130 405 182 466 sat
196 401 249 484 sit,
264 401 472 466 aestimatote
486 402 630 486 mihique
645 402 766 467 mittite
782 400 1055 485 dispensandum'
1093 403 1145 468 Ad

129 489 210 555 haec
232 509 325 574 reges
344 489 517 555 Aristoteli
537 491 684 556 scribunt
705 491 764 555 ita:
791 488 946 555 ‘Nuntiat
964 488 1083 555 Zeuxis
1108 492 1146 574 is,

129 579 185 663 qui
214 579 395 663 sumptibus
419 577 596 643 Alexandri
624 580 687 645 est*
701 577 898 662 praefectus
927 599 965 642 ea
993 601 1077 663 quae
1106 580 1145 644 ad

102 668 199 732 scius
223 689 300 732 usus
324 666 515 752 largiamur,
540 667 581 731 ab
605 667 717 732 eodem
740 667 836 732 facile
860 665 978 751 dilabi,
1002 667 1080 751 quia
1104 668 1148 733 sit

129 755 401 821 inconsideratior
428 755 608 839 dilargitor.
652 755 742 841 Ergo
769 759 806 819 ιιι
834 756 935 819 missa
963 758 1146 839 susceperis

130 843 1146 1017 fftttffqtttlt{ibttl}⁸·'..tl.¹¹tt.ttllil?

130 1021 224 1087 drum
238 1021 425 1086 institutum
439 1020 522 1084 nihil
537 983 611 1086 base
625 983 783 1105 nobisque
802 1020 967 1106 indignius
983 1019 1145 1105 factitare,

89 1130 116 1170 ιο
130 1109 226 1194 idque
255 1130 330 1173 mox
352 1129 462 1173 coram
484 1109 595 1175 indole
624 1110 693 1174 eius
716 1109 863 1193 inspecta
886 1112 995 1173 vestra
1019 1131 1145 1196 quoque

130 1197 293 1262 sententia
316 1197 570 1281 confirmaverit3
599 1197 649 1261 illi
672 1198 799 1263 scilicet
826 1197 860 1261 in
889 1196 1023 1281 agendis
1047 1199 1144 1263 rebus

128 1307 195 1351 non
219 1286 336 1350 aetatis
360 1286 529 1370 sententia,
553 1286 609 1350 sed
627 1286 802 1368 doctrinae,
828 1287 856 1350 si
874 1286 967 1350 vobis
988 1288 1076 1350 cordi
1096 1291 1146 1352 est

129 1374 277 1459 experiri,
300 1374 430 1439 subiicit
452 1372 643 1442 consilium?
690 1375 742 1439 Ad
769 1376 850 1439 haec
877 1393 970 1458 reges
997 1375 1145 1440 scribunt

47 1539 49 1542 y
128 1484 240 1528 rursus
260 1464 301 1529 ad
315 1462 462 1528 Zeuxim:
481 1461 636 1529 ‘Litteras
655 1467 729 1528 tuas
744 1463 927 1546 Aristoteli,
946 1485 1027 1547 quas
1048 1486 1145 1548 super

89 1572 115 1612 rs
130 1552 316 1618 Alexandro
341 1551 480 1637 feceras,
507 1551 743 1637 intimavimus,
771 1552 887 1638 quidve
916 1550 956 1616 ad
984 1552 1064 1617 haec
1088 1553 1143 1617 ille

129 1641 342 1726 responderit,
359 1643 490 1725 praesto
510 1645 560 1706 est
578 1641 649 1706 tibi.
680 1639 788 1726 igitur
808 1663 846 1706 ex
864 1644 1000 1725 utraque
1018 1641 1143 1726 collige,

129 1730 206 1815 quid
233 1730 321 1797 facto
349 1751 430 1814 opus
458 1729 637 1796 arbitrere?
681 1730 720 1795 Id
747 1733 858 1795 tamen
886 1728 1043 1812 scriptum
1071 1751 1143 1794 cum

130 1822 349 1902 suspectasset
371 1818 582 1904 Aristoteles,
610 1819 719 1885 alitius
747 1821 782 1884 in
804 1821 891 1885 hunc
913 1818 1044 1892 modum
1068 1816 1143 1881 Ale·

129 1909 251 1974 xandro
275 1908 388 1974 refert:
412 1905 587 1994 ‘Scripsere
611 1908 692 1973 mihi
715 1908 885 1993 Philippus
908 1911 941 1971 et
964 1904 1144 1991 Olympias,

88 2015 115 2057 ²⁰
115 1997 436 2169 stultitiis?
465 1995 1144 2194 trtllltltbttltjffllnttt

129 2175 161 2235 te
189 2171 358 2254 indignum
388 2172 484 2237 nobis
515 2194 552 2237 ac
579 2171 769 2256 parentibus
798 2167 930 2252 sapere'
982 2168 1031 2230 Ad
1061 2170 1144 2235 haec

126 2280 220 2342 puer.
245 2256 346 2323 ‘Scire
369 2261 403 2323 te
421 2281 483 2342 par
506 2262 563 2341 est,
586 2259 632 2322 mi
651 2259 815 2342 magister,
838 2277 876 2320 ea
895 2252 1033 2338 quidem,
1057 2277 1142 2338 quae

129 2345 169 2410 ad
187 2367 248 2410 nos
272 2368 292 2410 a
314 2346 505 2447 parentibus
524 2347 604 2411 dest
580 2350 671 2411 tman
673 2351 735 2428 tur,
757 2343 893 2426 indigna
916 2364 986 2407 esse
1009 2342 1142 2410 illorum

87 2453 113 2495 cs
128 2435 243 2517 opibus
268 2439 301 2498 et
322 2435 464 2519 nominc,
487 2434 542 2499 sed
562 2455 654 2501 secus
677 2439 786 2500 tamen
810 2433 848 2496 de
867 2432 1075 2499 institutione
1093 2455 1142 2498 re·

128 2523 194 2607 gali
216 2542 310 2607 reges
334 2523 457 2605 pariter
480 2545 518 2588 ac
540 2527 706 2608 parentes,
730 2544 827 2607 quam
851 2522 1001 2588 decorum
1023 2522 1142 2605 fuerat,

127 2611 332 2695 commoveri,
355 2611 383 2675 si
408 2611 574 2679 fortunam
592 2614 744 2678 censeant
761 2611 951 2697 frugalitate
970 2611 1140 2697 populari?

127 2697 209 2764 Sunt
239 2699 338 2764 etiam
366 2699 495 2765 litterae
525 2700 694 2785 utriusque
721 2701 867 2784 parentis
898 2700 939 2765 ad
966 2701 1069 2766 filium
1100 2701 1142 2764 ad

126 2788 215 2853 hunc
238 2788 382 2852 modum:
407 2786 585 2874 ‘Sumptus
608 2789 669 2855 tibi
689 2791 742 2874 qui
765 2789 898 2855 fortuna
915 2792 1029 2855 nostra
1049 2789 1142 2875 digni

219 3020 385 3070 lcumcm.
404 3016 438 3070 P.
527 3015 882 3087 amihiquemirtit.0om
903 3015 937 3068 P
973 3012 1086 3066 Adam
1108 3012 1139 3068 T.

128 3086 205 3141 cita
223 3102 273 3142 cm.
292 3087 326 3142 P.
358 3085 477 3144 Nuntiat
495 3103 545 3143 cm.
567 3088 599 3144 T.
631 3088 657 3141 is
675 3104 726 3145 om.
749 3089 781 3143 Τ.
864 3085 929 3141 tin
948 3085 1007 3138 eins
1026 3100 1091 3136 usus
1109 3083 1139 3139 Τ,

129 3163 197 3213 teo
215 3158 249 3212 P
278 3158 355 3227 quod
374 3159 405 3213 T.
456 3159 595 3214 8n0stris
614 3158 806 3215 Alexandrum
823 3155 960 3212 institutis
979 3154 1011 3207 P.
1062 3155 1139 3208 sin-

128 3228 242 3298 dignum
264 3228 296 3284 T.
363 3234 397 3284 10
414 3228 511 3300 itaque
533 3231 565 3285 T.
634 3234 666 3283 11
688 3226 938 3312 confirmaverit-
950 3230 982 3278 12
1002 3224 1141 3278 sententia

127 3313 177 3353 cm.
197 3299 231 3355 P.
306 3304 338 3354 12
358 3317 424 3356 snae
444 3301 600 3370 doctrinae,
620 3318 692 3371 qnae
710 3300 735 3356 si
752 3299 833 3356 robis
852 3296 930 3353 cordi
948 3298 993 3350 est
1011 3294 1139 3363 experiri,

127 3368 235 3425 subieci
258 3370 405 3426 consilinm
430 3372 464 3427 P.
555 3376 588 3427 16
612 3372 740 3442 colligite
766 3372 922 3426 T.1⁷
946 3365 1080 3421 arbitrare
1105 3366 1139 3420 Ρ

129 3444 161 3493 18
181 3441 352 3522 suscepisset
377 3443 409 3497 T.
442 3443 527 3498 altius
552 3443 583 3499 T.
671 3450 707 3499 27
725 3444 866 3498 fortunam
889 3439 962 3492 hanc
985 3435 1139 3505 fragilitate

125 3508 255 3630 populari
279 3511 311 3563 P.
385 3514 468 3568 28111
486 3515 600 3570 modum
620 3514 651 3573 T
724 3521 758 3570 29
778 3512 826 3582 qui
844 3526 895 3567 om.
917 3509 948 3563 T.
