2362 3938
483 180 699 238 PRAEFATIO.
1048 183 1102 238 Vll

80 345 144 409 2ἵο
180 342 301 407 Iulium
334 342 501 407 Valerium
534 344 702 428 scripsisse
735 343 982 432 Landgrafius¹)
1019 345 1095 410 inde

79 437 164 497 recte
190 430 362 516 collegisse
386 432 522 513 videtur,
546 432 630 516 quod
650 431 769 497 Darius
793 433 934 498 moriens
954 435 1094 498 Alexan·

77 522 172 586 drum
197 520 502 585 ‘victouosissimum'
524 519 582 604 (II,
602 518 669 605 33),
694 542 728 584 se
750 521 857 604 ipsum
877 520 1049 587 ‘domiuum
1066 529 1102 588 et

76 608 184 674 deum'
217 609 370 693 appellat.
425 607 568 684 Quorum
597 610 770 674 titulorum
799 611 892 675 illum
922 609 1006 674 nulli
1035 611 1096 676 im·

77 704 268 783 peratorum
301 701 375 761 ante
408 697 620 762 Aurelianum
652 698 793 762 inditum
826 719 909 782 esse,
940 698 1027 763 hunc
1061 700 1096 764 in

78 786 220 851 nummis
246 785 375 869 quidem
398 807 464 850 non
488 790 563 850 ante
583 787 749 850 Aureliani
772 790 921 870 tempora
944 787 1095 872 inveniri,

79 873 274 959 Schoener2)
295 873 445 939 ostendit.
486 873 538 938 Ita
562 896 635 939 cum
660 897 679 938 a
701 874 779 939 viris
804 875 907 940 doctis
931 875 1018 939 inter
1037 899 1093 940 an-

77 986 138 1029 nos
158 964 224 1028 270
243 966 277 1026 et
296 963 361 1027 340
380 961 458 1027 Iulii
476 961 603 1042 Valerii
621 963 792 1028 historiam
812 968 1003 1047 conceptam
1023 986 1095 1028 esse

78 1054 283 1136 exploratum
316 1052 374 1133 sit,
407 1053 477 1136 ipse
511 1073 582 1115 eam
615 1052 699 1116 inter
732 1073 833 1117 annos
864 1054 930 1116 2ἵο
963 1056 996 1117 et
1028 1054 1095 1118 330

78 1143 236 1225 scriptam
264 1161 334 1204 esse
363 1161 402 1203 ex
430 1140 535 1223 capite
559 1140 601 1204 26
629 1140 705 1204 libri
732 1140 830 1224 primi
858 1163 1015 1226 apparere
1044 1163 1095 1206 os-

78 1226 211 1313 tendii).
257 1227 309 1292 lbi
337 1227 422 1292 enim
450 1231 486 1292 ut
508 1227 739 1293 Alexandriam
762 1230 986 1315 magnitudine
1011 1231 1095 1294 nulli

79 1318 200 1402 oppido
226 1318 313 1381 orbis
336 1319 496 1380 terrarum
519 1316 630 1381 cedere
654 1317 901 1401 demonstretur,
924 1341 1095 1384 mensurae

78 1407 294 1470 maximarum
314 1405 441 1469 urbium
466 1408 704 1470 enumerentur.
746 1403 828 1471 (lum
852 1411 959 1471 autem
983 1411 1095 1473 aucto-

77 1517 147 1559 rem
173 1493 325 1557 Latinum
348 1515 413 1558 non
436 1493 574 1578 fugisset
597 1516 656 1557 sua
680 1497 786 1559 aetate
806 1493 945 1560 Romam
969 1497 1009 1559 ab
1030 1495 1096 1560 Au-

79 1584 204 1647 reliano
224 1581 422 1668 Imperatore
442 1581 534 1647 valde
555 1583 786 1665 amplificatam
810 1584 914 1649 multo
936 1584 1093 1648 maiorem

78 1694 150 1737 esse
182 1670 394 1754 Alexandria,
429 1671 469 1735 ad
500 1693 552 1755 ea,
584 1693 665 1755 quae
694 1671 730 1734 in
760 1672 937 1755 exemplari
968 1670 1093 1736 Graeco

78 1762 213 1845 legerat,
236 1779 339 1843 pauca
359 1760 477 1823 addens
497 1759 543 1823 ita
561 1760 704 1842 scripsit:
729 1759 845 1824 ‘Romu
862 1764 1007 1841 quattuor
1029 1764 1094 1824 stu-

77 1850 141 1913 diis
174 1854 202 1912 et
229 1848 357 1930 pedibus
388 1853 506 1912 centron
536 1853 625 1930 utque
653 1849 764 1930 violati
794 1849 886 1932 leupo
911 1849 1095 1929 primitus

75 1938 186 2020 fierit,
214 1938 374 2001 noudum
401 1937 559 2001 adiectis
585 1936 644 2000 uis
664 1937 855 2019 portibus,
882 1957 974 2017 praue
1001 1938 1094 2001 mirl-

78 2031 155 2090 tum
189 2026 465 2108 coupeminussc
494 2026 706 2090 maiestatis
737 2025 816 2089 eius
846 2024 1094 2108 mupuisc'ccu·

79 2116 171 2179 tium
189 2113 383 2179 visuntur?
416 2112 507 2178 Haeo
521 2115 621 2178 verbe
640 2113 791 2198 quoniam
811 2113 852 2177 ad
872 2135 980 2179 muros
1000 2114 1094 2178 urbis

79 2202 203 2267 Romae
232 2202 273 2266 ab
298 2201 472 2266 Aureliano
497 2202 651 2267 dilatatos
680 2205 827 2286 spectare
851 2205 1001 2286 apparet,
1028 2225 1095 2267 non

78 2290 353 2360 ante'Aureliani
380 2294 528 2373 tempora
556 2291 678 2373 scripto
705 2312 775 2355 esse
802 2294 949 2375 possunt.
1000 2290 1094 2368 Quod

79 2383 189 2444 autem
211 2379 313 2444 Iulius
336 2377 488 2444 Valerius
516 2379 600 2443 inter
627 2378 724 2443 urbes
750 2381 907 2444 maximas
932 2377 1094 2445 Constan-

78 2468 254 2552 tinopolim
277 2489 343 2532 non
365 2467 638 2549 commemoravit,
660 2466 735 2531 inde
757 2468 826 2532 iure
851 2468 994 2533 effecisse
1012 2468 1093 2532 mihi

79 2557 191 2621 videor
220 2578 307 2640 eum,
335 2560 509 2640 antequam
534 2577 655 2621 novum
678 2555 815 2640 imperii
829 2555 971 2621 Romani
994 2560 1094 2641 caput

78 2645 342 2727 constitueretur,
362 2644 539 2728 scripsisse.
572 2643 661 2709 Haec
680 2645 707 2707 si
726 2648 813 2709 recte
828 2645 993 2727 disputata
1008 2649 1094 2727 sunt,

77 2735 164 2799 inter
183 2755 286 2798 annos
306 2734 372 2798 270
387 2736 419 2797 et
434 2733 499 2798 330
512 2731 590 2797 Iulii
605 2732 727 2797 Valerii
746 2730 891 2798 narratio
912 2737 983 2798 orta
1002 2732 1094 2816 esu).

169 2820 332 2905 Sequitur,
348 2827 385 2885 ut
399 2823 470 2905 quis
485 2821 584 2885 fuerit
597 2820 700 2885 lulius
714 2819 873 2905 Valerius,
890 2821 1093 2907 indagemus.

77 2911 125 2976 Ac
144 2910 279 2975 nomina
299 2909 427 2994 quidem
451 2911 519 2974 eius
538 2909 660 2974 tradita
679 2914 755 2974 sunt
776 2911 809 2973 in
829 2909 992 2974 codicibus
1011 2910 1094 2975 Tau-

77 2999 201 3064 rinensi
234 3003 266 3064 et
297 2998 524 3063 Ambrosiano.
577 2996 616 3062 In
647 2998 754 3063 codice
785 2999 871 3062 enim
901 2996 1093 3062 Taurinensi

169 3193 196 3261 1)
217 3189 351 3244 Zeitsohr.
370 3189 389 3245 f.
409 3190 476 3244 datr.
496 3189 595 3259 Gymn.
616 3195 692 3245 1882.
722 3208 748 3257 p.
764 3194 824 3241 429.

167 3265 196 3331 2)
216 3249 293 3315 Uber
314 3261 359 3315 die
378 3259 557 3315 Titulaturen
581 3261 630 3315 der
652 3257 809 3313 rdmischen
828 3256 936 3324 Kaleon,
961 3258 1022 3315 Act.
1042 3259 1092 3312 Er·

76 3332 374 3472 lang.,},1‚,p„1,4,2di
392 3400 535 3470 Filologia
554 3397 631 3456 1888.
660 3419 688 3468 p.
703 3403 754 3453 361
771 3416 811 3468 sq.
1122 3403 1128 3489 ,³

165 3477 194 3544 4)
216 3472 251 3529 cf.
271 3471 358 3527 etiam
377 3472 539 3527 Mommsen.
577 3471 804 3538 Abhandlungen
823 3470 849 3523 d.
869 3468 958 3524 sucus.
979 3469 1043 3528 Ges.
1064 3467 1094 3524 d.
1115 3492 1128 3531 s,

76 3544 249 3603 Wissensch.
271 3542 310 3596 ΙΙΙ
329 3544 423 3613 (1857)
440 3561 468 3613 p.
483 3549 536 3598 276
551 3561 591 3611 sq.
1120 3540 1128 3595 l
