2362 3938
110 192 135 245 X
509 185 726 242 PRAEFATIO.

185 351 320 415 Ineunte
333 351 461 415 saeculo
472 353 584 415 nostro
592 351 895 436 AmedeusPeyron,
905 351 1121 415 bibliothecae

109 439 319 504 Taurinensis
342 461 485 522 praeses,
514 439 590 523 quid
615 444 763 505 etvetus
792 446 824 505 et
852 463 935 506 nova
961 440 1122 522 scriptura

109 529 305 611 contineret,
337 527 498 612 cognovit.
550 527 612 604 oui
643 550 714 592 cum
746 529 783 592 de
814 529 976 612 scriptura
1006 529 1122 611 priore,

110 639 192 701 quae
204 616 334 700 ‘codicis
353 616 571 680 Theodosiani
589 617 774 700 fragmenta
794 617 989 700 continebat,
1011 617 1123 680 rectis-

111 708 191 770 sime
214 705 377 787 iudicaret,
402 704 439 768 de
461 703 545 768 Iulio
565 703 698 768 Valerio
719 705 881 790 Angelum
901 704 1024 769 Maium
1050 727 1123 769 con-

112 795 221 877 suluit,
245 794 300 878 qui
319 793 415 876 paulo
437 797 513 856 ante
532 788 633 878 (anno
656 791 756 880 1817)
777 795 912 857 eundem
933 794 1124 877 scriptorem

112 905 152 947 ex
175 883 282 947 codice
305 880 521 946 Ambrosiano
546 881 696 944 ediderat.
743 881 805 945 Hic
829 904 902 946 cum
926 904 1011 946 anno
1038 883 1123 946 1817

112 971 237 1056 aliquot
258 971 324 1034 dies
344 969 513 1055 Augustae
533 969 749 1033 Taurinorum
767 973 958 1052 versaretur,
981 971 1053 1053 ipse
1073 992 1124 1035 co·

112 1059 215 1123 dicem
236 1059 327 1122 illum
348 1059 544 1140 rescriptum
564 1055 746 1143 inspexit-²).
781 1057 895 1142 Neque
916 1081 993 1123 vero
1012 1059 1125 1142 magni

110 1147 208 1231 pretii
232 1168 304 1210 eum
329 1168 399 1210 esse
417 1147 556 1231 putavit,
580 1167 653 1211 cum
677 1167 750 1209 eum
774 1149 901 1210 saeculo
924 1146 1124 1230 duodecime,

111 1239 186 1319 post
205 1235 347 1299 codicem
370 1235 631 1317 Ambrosianum,
652 1257 715 1318 quo
734 1235 804 1318 ipse
823 1256 900 1299 usus
920 1239 999 1317 erat,
1024 1236 1125 1318 scrip-

111 1327 182 1386 tum
213 1345 283 1387 esse
313 1323 532 1407 lectionesque
563 1345 659 1406 saepe
687 1324 909 1388 Ambrosianis
939 1323 1124 1404 deteriores,

112 1411 274 1476 interdum
290 1414 418 1476 tantum
433 1412 583 1476 meliores
600 1408 783 1498 exhibere²)
799 1412 1020 1476 arbitraretur.
1052 1411 1126 1475 Hoc

112 1503 222 1564 tamen
242 1501 406 1585 cognovit,
429 1500 558 1564 initium
581 1501 657 1565 libri
678 1501 775 1583 primi
795 1499 835 1586 (c.
857 1497 979 1584 1-10)
1003 1503 1035 1562 et
1059 1522 1125 1563 ma-

114 1609 212 1674 gnam
231 1594 357 1674 partem
375 1590 451 1653 libri
470 1590 606 1654 alterius
626 1586 666 1676 (c.
685 1588 842 1676 24-30),
864 1611 945 1673 quae
964 1590 998 1652 in
1017 1587 1126 1651 codice

115 1679 334 1743 Ambrosiano
364 1679 492 1743 amissis
524 1679 792 1762 quaternionibus
820 1679 924 1764 primo
954 1681 986 1741 et
1013 1677 1126 1760 quinto

115 1766 241 1851 desunt,
260 1768 295 1831 in
315 1768 425 1832 codice
444 1767 636 1832 Taurinensi
655 1771 784 1833 servata
803 1764 915 1854 esse3).
957 1765 1018 1831 Sed
1036 1787 1076 1829 ne
1095 1765 1127 1828 id

115 1855 245 1938 quidem
269 1856 396 1920 videtur
423 1877 496 1920 eum
525 1856 564 1920 ad
589 1857 744 1922 maiorem
772 1857 891 1923 codicis
914 1855 1129 1921 reverentiam

117 1943 297 2028 adduxisse,
321 1945 480 2029 siquidem
498 1945 625 2009 credere
644 1945 721 2010 licet
736 1945 887 2029 Peyroni‚
912 1946 966 2029 qui
987 1946 1022 2009 in
1040 1964 1131 2028 prae·

115 2031 240 2096 teilone
266 2031 392 2097 bodias
416 2031 632 2097 Theodosiani
659 2034 932 2118 fragmentorum,
961 2055 1042 2116 quae
1065 2033 1130 2096 Au-

116 2124 232 2201 gustas
252 2121 467 2183 Taurinorum
490 2121 574 2185 1823
592 2120 792 2203 prodierunt,
810 2122 889 2184 haee
907 2124 1047 2184 testatus
1068 2125 1130 2184 est:

116 2204 299 2290 ‘Specimen
332 2209 527 2271 varietatum
559 2207 706 2271 lectionis
740 2208 1052 2271 communicaveram
1084 2205 1130 2272 Ol.

117 2293 185 2357 Mai
214 2299 348 2358 exeunte
377 2294 488 2358 eodem
518 2315 616 2372 anno,
645 2295 700 2358 sed
724 2295 776 2359 vix
805 2295 834 2358 ei
862 2295 997 2376 dignum
1025 2294 1130 2357 visum

1119 2381 1128 2408 7

118 2386 183 2465 est,
216 2382 300 2466 quod
320 2374 422 2446 'suam
453 2383 665 2446 attentionem
695 2383 860 2465 paulisper
892 2380 1107 2468 morareturt)

210 2631 235 2698 1)
255 2627 335 2681 PhiIo
368 2631 397 2681 et
423 2624 538 2693 Virgilii
566 2625 752 2696 Interpretes,
782 2625 884 2680 edente
914 2625 1014 2694 Angel.
1044 2624 1129 2680 Maio.

117 2699 232 2754 Mediol.
252 2703 329 2752 1818.
357 2715 383 2766 p.
399 2695 555 2750 XXXVIII:
582 2697 657 2752 ‘Iam
676 2713 742 2751 vero
766 2712 815 2766 per
836 2697 964 2752 autumni
982 2696 1130 2764 praeteriti

118 2771 203 2824 ferias
219 2787 303 2838 quum
318 2770 474 2837 Augustam
488 2767 674 2822 Taurinorum
689 2767 877 2835 accessissem,
891 2766 932 2820 ibi
945 2768 988 2820 vir
1002 2767 1129 2835 eximius,

120 2842 226 2895 amicus
241 2857 327 2907 meus,
342 2840 481 2894 Amedeus
491 2838 632 2906 Peyronus
645 2838 812 2893 ostendebat
825 2838 896 2892 mihi
910 2838 1033 2892 codicem
1044 2854 1131 2891 mem-

119 2913 265 3035 bruneuml
274 2910 385 2965 saeculo
404 2911 515 2964 circiter
533 2909 586 2965 XII
605 2911 741 2980 scriptum
761 2910 825 2965 etc?

209 2989 225 3037 2
269 3001 315 3038 .s.
335 2999 356 3036 s.

211 2984 238 3124 33
259 3054 296 3107 ‘Is
316 3053 403 3108 codex
422 3069 553 3122 magnam
572 3051 686 3119 quidem
709 3051 752 3106 sui
770 3053 880 3119 partem
903 3050 1013 3117 amisit,
1038 3066 1071 3104 ea
1090 3053 1132 3104 ta-

121 3140 200 3192 men,
223 3143 294 3195 quae
314 3125 452 3195 superest,
476 3123 521 3177 illi
544 3121 657 3178 omnino
675 3122 732 3178 Ioci
751 3121 920 3190 sarciuntur,
946 3120 995 3190 qui
1015 3137 1048 3174 ex
1067 3123 1132 3174 Am-

122 3197 252 3251 brosiano
274 3196 370 3251 codice
389 3194 572 3250 exciderunt)
610 3194 629 3249 l.
649 3213 669 3249 s.
690 3212 711 3248 s.

211 3271 239 3336 4)
259 3268 359 3322 Exstat
372 3267 464 3320 adhuc
482 3268 512 3320 in
526 3266 698 3320 bibliotheca
712 3261 851 3318 Vaticana
868 3262 943 3317 inter
961 3263 1077 3318 schedas
1097 3262 1133 3315 ab

121 3336 232 3406 Angelo
247 3338 324 3393 Maio
339 3338 451 3392 relictas
465 3335 537 3390 illud
558 3335 712 3403 ‘specimen
725 3332 906 3390 varietatum’
927 3349 1059 3388 unacum
1076 3331 1133 3401 epi·

123 3406 206 3475 stola,
226 3425 311 3476 quam
331 3409 440 3478 Peyron
459 3408 508 3474 eis,
527 3422 599 3474 quae
617 3405 654 3459 ad
673 3406 778 3460 Maium
797 3405 883 3471 misIt,
902 3403 1020 3458 addidit.
1058 3403 1134 3456 Haec

123 3479 217 3531 omnia
236 3479 379 3547 Augustus
398 3479 472 3545 Mau,
491 3494 548 3545 qua
566 3478 609 3532 est
627 3475 811 3542 liberalitate,
830 3476 859 3530 in
877 3492 970 3530 meum
989 3492 1070 3528 usum
1090 3490 1135 3527 ao·

122 3550 296 3602 curatissime
311 3547 460 3616 descripsit
469 3548 632 3617 gratiasque
647 3546 673 3600 ei
686 3562 741 3617 ago
752 3563 837 3616 quam
851 3546 995 3602 maximas.
1024 3545 1134 3616 Operae
