2362 3938
348 181 642 240 ARGONAUTICON
659 182 770 238 LIBER
787 183 821 237 11.
1050 181 1093 247 37

101 332 178 395 ‘Has
201 334 281 400 iuter
305 332 442 393 lacrimas
465 331 575 410 legitur
597 334 682 413 piger
705 350 802 408 uncus
825 331 959 396 harenis:

71 425 142 500 iam·
155 423 231 484 remi
254 439 382 501 rapuere
405 430 513 502 ratem,
536 423 594 481 iam
617 419 735 481 ssamina
757 428 890 503 portant3

72 529 199 591 spumea
222 510 417 589 subsequitur
440 510 581 588 fugientis
605 511 710 570 semita
734 510 819 571 claui.
1039 523 1093 572 430

72 609 145 661 tunc
168 601 270 660 tenuis
291 597 420 660 Lemnos
443 599 610 677 transitque
632 597 763 659 Electria
785 598 874 660 tellus

72 689 221 750 Threiciis
244 705 351 749 arcana
374 689 481 767 sacris3
503 686 551 746 hic
575 689 706 748 numinis
729 689 834 766 ingens

71 777 181 839 horror
205 784 235 837 et
258 777 387 838 incautis
410 775 668 856 decretapiacula
686 775 804 855 linguis.
923 854 933 861 ..

73 866 150 927 hanc
175 866 304 926 demissa
326 864 391 925 loni
414 882 474 924 non
492 882 634 943 umquam
656 864 775 925 laedere
798 864 893 927 fluctu

73 955 163 1016 audet
185 954 316 1032 hiemps:
339 960 445 1033 sponte
469 955 533 1033 ipsc
557 953 631 1014 deus
654 960 726 1014 tunc
750 961 868 1032 asperat
890 951 994 1034 undas,
1039 963 1092 1014 435

74 1062 144 1104 cum
167 1051 250 1104 uetat
272 1042 379 1103 infidos
403 1061 456 1102 sua
477 1042 566 1102 litora
588 1049 710 1120 tangere
733 1051 847 1124 nautas

73 1131 184 1192 obuius
208 1138 237 1191 at
259 1130 372 1211 Minyas
395 1132 485 1191 terris
508 1131 662 1211 adytisque
688 1131 827 1192 sacerdos

74 1222 186 1299 echpit
208 1219 377 1298 hospitibus
399 1236 538 1279 reserans
563 1226 678 1280 secreta
702 1219 842 1300 Thyotes.

73 1308 220 1369 hactenus
242 1309 274 1368 in
296 1307 423 1387 populos
446 1309 521 1388 uati,
545 1306 748 1390 Samothraca,
772 1310 910 1388 diemque

73 1399 165 1457 missa
188 1395 267 1477 uale,
291 1398 443 1475 sacrisque
467 1403 581 1457 metum
604 1415 760 1459 serucmus
784 1400 905 1477 opertis.
1040 1408 1094 1458 440

74 1485 116 1546 illi
141 1484 204 1546 sole
227 1502 306 1545 nouo
329 1485 401 1546 laeti
421 1485 563 1565 plenique
586 1485 711 1546 deorum

75 1573 237 1635 considunt
259 1576 398 1635 transtris
405 1621 414 1655 ,
437 1576 496 1634 iam
518 1593 592 1652 quas
611 1575 805 1653 'praeuiderat
827 1573 920 1633 urbes

74 1664 176 1723 nauita
196 1661 351 1744 condebat,
373 1679 540 1741 proraeque
564 1669 731 1723 accesserat
754 1661 878 1742 Imbros,

75 1760 105 1811 et
127 1751 173 1811 sol
196 1749 344 1811 aetherias
366 1751 483 1812 medius
506 1751 721 1812 conscenderat
744 1769 838 1811 arces.

73 1838 215 1900 Thessala
238 1837 394 1900 Dardaniis
410 1847 483 1901 tunc
506 1841 636 1919 primum
658 1842 768 1920 puppis
790 1839 909 1900 harenis
1034 1849 1087 1897 445

75 1926 188 2007 adpulit
210 1934 241 1987 et
265 1927 334 1988 latis
358 1927 446 2007 Sigeo
469 1927 556 1989 litore
581 1928 665 1989 sedit.

75 2015 229 2077 desiliunt:
251 2033 322 2094 pars
344 2016 414 2077 hine
437 2016 555 2078 leuibus
579 2017 735 2077 candentia
758 2016 834 2077 uelis

74 2112 173 2165 castra
196 2104 285 2185 locat3
309 2107 381 2165 trito
404 2123 473 2185 pars
497 2105 606 2184 frangit
629 2105 737 2165 adorea
760 2122 830 2168 saxo

74 2193 167 2273 larra3
190 2195 421 2258 citumstrictis
445 2193 520 2254 alius
543 2193 579 2253 dc
604 2193 740 2254 cautibus
763 2195 862 2272 ignem

74 2281 211 2342 obtendit
234 2281 313 2343 loliis
336 2289 366 2342 et
385 2281 528 2361 sulphure
550 2285 646 2361 pascit
669 2283 772 2342 amico.
1039 2291 1093 2341 450

119 2368 237 2430 Alcides
260 2370 461 2449 Telamonque
486 2389 585 2431 comes
609 2371 679 2431 dum
702 2369 790 2430 litora
812 2368 922 2430 blando

74 2458 212 2519 anfractu
235 2460 357 2520 sinuosa
380 2459 495 2540 legunt,
518 2476 578 2519 uox
601 2460 697 2538 attigit
720 2477 809 2519 aures

72 2545 191 2628 flebilis,
215 2554 250 2608 ut
271 2547 403 2626 scopulis
426 2565 496 2608 cum
518 2547 611 2609 fracta
629 2555 835 2609 ¹remurmurat
856 2547 945 2609 unda.

72 2634 200 2696 adtoniti
221 2653 360 2714 pressere
383 2635 508 2715 gradum
530 2636 714 2715 dubiumque
739 2644 883 2698 secuntur

72 2725 159 2783 uocis
181 2724 260 2804 iter3·
276 2726 335 2786 iam
358 2732 440 2785 certa
463 2731 562 2805 sonat,
585 2724 763 2804 desertaque
786 2727 879 2794 durae
1040 2733 1093 2782 too
1176 2767 1177 2771 ,

72 2813 162 2890 uirgo
185 2814 253 2872 neci
276 2831 365 2891 quem
388 2831 449 2872 non
471 2814 626 2873 hominum
650 2830 852 2893 superumque
876 2807 1022 2873 uocabat?

71 2901 174 2960 acrius
197 2899 255 2961 hoc
277 2902 389 2962 instare
413 2902 472 2961 uiri
496 2919 673 2972 succurrere
698 2904 787 2982 certi3

71 2987 216 3069 qualiter,
239 2988 376 3068 impleuit
397 2991 510 3068 gemitu
533 3008 603 3050 cum
626 2997 730 3050 taurus
753 2988 862 3049 acerbo

71 3077 155 3158 auia,
178 3076 366 3156 frangentem
387 3096 491 3138 morsu
515 3095 606 3157 super
629 3077 687 3137 alta
709 3076 825 3137 leonem

71 3172 158 3243 terga
181 3164 296 3247 ferens,
320 3167 380 3226 coit
403 3185 418 3226 e
443 3184 547 3247 sparso
571 3167 687 3226 concita
709 3164 816 3245 mapali
1038 3173 1091 3222 460

70 3260 227 3331 agrestum
249 3271 355 3314 manus
379 3262 409 3314 et
432 3272 521 3315 caeco
544 3254 671 3314 clamore
696 3252 801 3314 coloni.

30 3344 43 3357 ‘
70 3342 210 3402 constitit
232 3339 363 3423 alcides,
386 3344 514 3422 uisuque
538 3345 639 3403 enisus
662 3344 694 3402 in
716 3341 773 3402 alta

70 3447 151 3508 rupe
175 3438 279 3490 truces
301 3433 432 3491 manicas
455 3431 629 3509 delectaque
653 3432 778 3509 uirginis
802 3447 854 3488 ora

69 3519 172 3578 cernit
194 3525 225 3578 et
247 3518 284 3579 ad
305 3520 418 3597 primos
442 3520 573 3579 umentia
595 3518 706 3579 lumina
729 3518 853 3600 fluctus5
