2362 3938
179 161 357 219 EPISTOLA
374 163 593 219 ALEXANDRI
611 165 661 220 AD
680 164 945 223 ARISTOTELEM.
998 166 1063 232 201

54 349 89 392 se
114 329 331 411 comparante.
373 325 435 392 Sed
458 331 491 391 et
514 328 779 412 vespertilionum
804 329 852 393 vis
875 327 990 414 ingens
1014 352 1065 395 co-

52 415 173 480 lumbis
199 437 332 498 corpore
357 416 508 501 aequales
531 417 564 480 in
589 438 645 480 ora
667 416 841 501 vultusque
864 421 994 482 nostros
1017 419 1065 483 in-

54 504 253 569 ferebantur.
291 502 467 569 Habebant
490 509 599 570 autem
623 504 733 569 dentes
757 504 791 569 in
814 527 936 570 morem
960 507 1066 572 homi-

54 615 142 676 num,
166 592 283 675 quibus
307 595 396 656 artus
420 593 560 657 militum
584 593 763 659 violabant.

145 680 220 745 Una
234 685 403 765 praeterea
421 682 498 747 novi
513 681 640 767 generis
655 681 762 746 bestia
782 682 886 747 maior
899 682 1070 765 elephante
1096 703 1111 746 s

57 771 239 853 comparuit
258 770 364 834 tribus
384 773 510 834 armata
528 771 563 834 in
576 769 683 835 fronte
702 770 864 854 cornibus,
883 793 981 855 quam
997 770 1071 837 Indi

57 860 222 943 appellare
243 859 542 942 odontatyrannum
566 859 658 924 soliti
681 861 765 942 sunt,
788 881 870 944 equo
890 860 995 925 simile
1019 882 1070 925 oa·

57 951 116 1031 put
140 951 307 1032 gerentem
335 948 398 1011 atri
427 948 553 1012 coloris.
599 945 669 1011 Nec
691 951 805 1031 potata
833 970 918 1031 aqua
940 949 1070 1014 intuens

55 1038 165 1101 eastra
189 1035 297 1100 subito
321 1036 479 1120 impetum
503 1036 537 1099 in
560 1056 620 1100 nos
645 1035 745 1114 dedit,
773 1058 833 1100 nec
856 1037 944 1121 ignis
969 1059 1071 1121 oppo-

60 1125 131 1188 sitis
154 1124 302 1188 tardatur
327 1124 504 1188 ardoribus.
550 1123 603 1188 Ad
626 1146 724 1208 quam
753 1125 973 1190 sustinendam
997 1146 1070 1191 cum
1086 1146 1111 1189 ro

60 1215 284 1296 opposuissem
307 1211 520 1278 Macedonum
546 1234 678 1277 manum
706 1214 842 1297 triginta
870 1237 925 1279 sex
953 1215 1071 1280 occidit

57 1305 89 1366 et
125 1301 361 1386 quinquaginta
393 1305 459 1365 tres
497 1301 637 1366 calcatos
673 1302 806 1368 inutiles
843 1302 922 1368 fecit
954 1303 1071 1388 vixque

56 1392 162 1473 ipsam
186 1390 324 1454 defixam
347 1389 515 1474 venabulis
540 1390 724 1455 occidimus.

148 1478 233 1543 Ante
266 1479 417 1545 lucanum
450 1478 563 1543 deinde
595 1482 723 1563 tempus
761 1480 799 1543 de
839 1479 929 1544 coelo
962 1483 1070 1562 pestes

58 1589 174 1631 venere
208 1568 343 1631 candido
376 1567 515 1650 respersi
544 1568 651 1632 colore
684 1567 718 1631 in
746 1566 877 1630 modum
907 1589 1070 1633 zonarum.
1086 1586 1112 1627 ιε

57 1654 139 1720 Cum
163 1655 280 1739 quibus
304 1676 412 1720 mures
427 1654 538 1719 ·Indici
561 1655 595 1718 in
618 1659 727 1720 castra
749 1655 944 1738 pergebant,
968 1656 1071 1738 vulpi·

57 1746 117 1808 bus
149 1744 281 1808 similes.
335 1742 479 1818 Quorum
509 1765 620 1807 morsu
650 1742 820 1808 vulnerata
851 1743 1072 1827 quadrupedia

58 1832 171 1898 statim
197 1833 416 1915 exspirabant,
438 1832 624 1896 hominibus
648 1834 755 1896 autem
780 1853 905 1896 morsus
928 1854 995 1897 non
1018 1853 1070 1897 us·

58 1943 118 2004 que
143 1920 183 1985 ad
207 1920 375 1985 interitum
397 1921 569 1987 nocebant.

147 2009 444 2095 Appropinquante
480 2009 552 2072 luce
589 2008 810 2073 nocticoraces
843 2029 958 2073 venere
993 2030 1069 2074 aves
1085 2029 1111 2071 ao

59 2098 242 2162 vulturibus
274 2099 412 2181 similes,
445 2119 581 2180 quorum
613 2118 749 2181 corpora
779 2097 815 2160 in
845 2097 1071 2183 magnitudine

59 2186 276 2269 superabant,
312 2187 419 2251 colore
450 2185 569 2270 divini,
602 2185 691 2251 fulvo
732 2188 838 2251 rostro
872 2186 1072 2270 pedibusque

57 2275 168 2358 nigris.
222 2273 339 2338 Totam
371 2275 480 2358 stagni
510 2275 711 2357 complevere
743 2275 848 2358 ripam
879 2296 945 2340 non
977 2276 1071 2341 nobis

61 2363 238 2447 perniciem
263 2363 451 2445 inferentes,
480 2362 536 2426 sed
564 2362 678 2427 solitos
706 2363 811 2446 pisces
840 2385 913 2428 cum
940 2364 1070 2448 ungulis

59 2452 274 2517 detrahebant
288 2451 593 2534 consumebantque.
626 2450 713 2526 Quas
727 2473 787 2516 nos
807 2474 883 2516 aves
902 2474 1008 2536 neque
1023 2453 1071 2516 fu-
1086 2474 1112 2516 a

150 2687 163 2732 1
186 2678 353 2733 columbinis
368 2679 530 2746 corporibus
540 2679 579 2734 H.
617 2686 632 2734 3
652 2679 803 2734 Habebunt
816 2681 923 2751 autem]
934 2679 1072 2735 habentes

58 2748 138 2803 HV.
178 2754 194 2802 6
214 2748 384 2820 comparuit]
396 2748 477 2803 affuit
485 2751 525 2805 H.
562 2756 578 2804 8
597 2750 785 2820 gerensHV.
805 2750 877 2821 Neo]
888 2751 941 2805 heo
951 2750 1027 2806 HV.
1038 2752 1072 2804 P.

58 2819 169 2874 intuens
189 2820 238 2872 sed
258 2823 388 2875 castrum.
417 2822 449 2875 ia
464 2821 495 2875 V.
511 2826 574 2876 uate
589 2825 682 2876 castra
695 2837 804 2876 rasura.
864 2820 1024 2889 boppoaiti
1040 2822 1070 2876 V.

58 2890 170 3015 ltlffi
183 2891 483 3032 diffidasti
501 2891 699 3017 tillim
727 2889 1073 3029 taddeall‘sszl

59 3031 203 3087 venabulis
223 3032 262 3088 H.
322 3038 356 3086 14
375 3033 409 3087 de
428 3032 507 3087 coelo
526 3032 633 3103 pestes]
652 3032 791 3099 quaedam
809 3032 943 3085 animalia
961 3029 1073 3098 oelope-

59 3104 115 3154 stes
134 3103 171 3156 H.
241 3108 275 3157 15
293 3103 412 3172 respersi
433 3102 460 3158 0.
469 3103 503 3157 P.
532 3103 607 3158 versi
626 3102 700 3156 aaH.
721 3105 826 3171 (versae
846 3101 897 3169 V.).
927 3115 1059 3154 zonarum

59 3189 188 3226 ranarum
204 3173 244 3228 H.
284 3179 315 3227 17
336 3173 470 3228 animalia
485 3171 678 3242 quadrupedia
691 3173 730 3228 H.
769 3177 801 3225 18
821 3171 929 3242 autem]
943 3170 1018 3224 idem
1065 3212 1071 3226 .

58 3261 164 3298 morsus
184 3261 280 3298 eorum
292 3244 320 3298 0.
372 3251 405 3298 21
425 3261 543 3312 quorum
554 3244 609 3298 Ed.
621 3244 711 3299 Bosil.
739 3240 851 3311 quan.
871 3257 921 3295 om.
936 3246 983 3295 cet.
1012 3257 1072 3295 cor·

58 3331 124 3382 pora
142 3314 171 3368 in
190 3315 384 3383 magnitudine
399 3336 429 3371 ω.
459 3330 574 3383 corpore
594 3316 623 3368 et
646 3312 842 3382 magnitudine
865 3311 895 3364 V.
922 3328 1071 3381 corporum

58 3386 250 3454 magnitudine
266 3384 294 3440 0.
326 3403 472 3455 corporum
491 3385 666 3440 immanitate
680 3384 719 3440 H.
773 3389 808 3437 22
827 3380 916 3437 divini
934 3398 984 3439 om.
998 3383 1032 3438 L.
1042 3383 1071 3439 0.

60 3455 122 3511 divo
134 3458 164 3511 V.
184 3455 358 3525 lividiStee'p.
402 3462 437 3510 24
455 3456 660 3512 ferentesoH
680 3453 791 3526 solitos]
807 3452 945 3509 sollicitos
953 3453 988 3509 L.
1008 3472 1071 3510 cum

59 3528 169 3597 ungulis
180 3526 369 3582 detrahebant
378 3544 428 3583 om.
437 3527 477 3582 H.
520 3532 553 3580 25
572 3527 708 3596 fugerem.
727 3524 908 3596 fugareOH
927 3528 1073 3596 usquein-
