2362 3938
113 196 156 260 70
536 195 645 250 niara
663 194 697 249 H.

110 381 168 424 nes
193 357 448 423 Atheniensibus
477 358 576 422 struis
603 359 756 424 territans
783 379 843 422 nos
870 362 905 423 et
932 362 1082 422 avertens
1107 382 1125 423 a

109 447 243 512 bellit
212 447 344 530 studiis,
368 448 484 531 quibus
503 447 617 532 inclyti
606 468 763 531 rsemper
787 449 883 532 atque
905 447 1125 531 inopinabiles

108 534 252 601 fuimus?
299 537 366 601 Aut
352 540 475 620 tquae
502 539 535 624 te
562 540 630 601 tam
653 536 773 600 infesta
801 536 987 601 caelestium
1011 535 1062 601 vis
1091 537 1126 600 in

109 623 191 690 haec
214 624 315 689 verba
339 625 459 690 sollicit
445 628 502 707 tat,
527 646 600 688 eum
623 630 659 688 tu
683 625 822 689 suaseris
846 629 879 688 et
902 625 1020 689 merito
1045 625 1124 689 olim

82 716 360 797 seorstanterque
383 712 582 798 persuaseris
606 735 697 777 arma
719 734 779 778 nos
804 735 929 777 sumere
953 713 1125 779 adversum

108 801 287 867 Persast
254 807 287 866 et
313 802 347 866 in
376 803 433 866 illa
459 804 511 866 tot
496 800 624 866 tt'hos
600 804 681 865 trum
709 802 800 866 milia
822 803 999 867 instructos
1023 803 1124 868 ferme

110 891 181 957 sola
213 891 314 956 animi
341 890 462 954 virtute
493 890 668 973 militasse,
698 894 732 955 at
760 912 845 956 nunc
873 895 998 974 eontra,
1032 893 1125 975 quasi

34 1023 37 1031 .
109 981 253 1046 intentos
277 1001 381 1062 arcus,
405 979 451 1043 sic
474 978 559 1042 idem
578 979 768 1044 obfirmatas
791 980 969 1044 sententias
993 984 1124 1045 nostras

109 1068 321 1135 remittendas
355 1089 392 1133 ac
424 1067 615 1131 relaxandas
647 1067 769 1152 putes?
828 1065 989 1133 Censesne
1021 1069 1124 1152 igitur

69 1179 95 1218 ro
110 1158 277 1223 vitandam
302 1157 587 1240 declinandamque
606 1157 702 1222 nobis
720 1157 897 1241 pueritiam
922 1179 994 1221 cum
1014 1161 1124 1240 tyran-

108 1246 193 1330 nide,
211 1246 274 1311 duo
293 1246 426 1311 nomina
439 1245 726 1329 inconsultissima,
745 1245 831 1309 freta
849 1245 1034 1310 temeritate
1055 1247 1124 1310 sola

110 1337 143 1400 et
175 1335 309 1400 audacia
340 1335 447 1418 patris
480 1334 770 1398 confidentissimi?
823 1333 948 1398 Deinde
980 1335 1030 1398 illi
1062 1357 1123 1398 nos

108 1421 225 1488 horum
254 1423 320 1489 tela
349 1425 444 1506 atque
473 1423 575 1487 aciem
604 1421 882 1507 perhorrebimus,
913 1422 968 1506 qui
995 1423 1122 1488 Xerxae

108 1513 200 1578 milia
230 1511 456 1596 averterimus,
487 1511 760 1577 Lacedaemonios
790 1511 979 1593 vicerimus,
1012 1508 1124 1576 Corin·

69 1620 94 1660 15
108 1601 198 1666 thios
222 1601 446 1685 straverimus,
468 1599 616 1685 Megares
639 1601 674 1665 in
696 1601 811 1685 fugam
833 1601 1040 1684 verterimus,
1064 1599 1122 1664 Za·

109 1690 259 1773 cynthios
297 1689 535 1754 exciderimus‘?
591 1689 702 1755 Nosne
740 1709 818 1773 ergo
851 1689 1036 1754 Alexandro
1073 1690 1123 1754 illi

108 1798 204 1861 quem
232 1778 311 1861 dixi,
339 1782 376 1843 ut
403 1777 582 1844 Aeschines
611 1778 737 1861 suadet,
763 1778 938 1844 vitabimus
967 1778 1120 1843 obviare?

198 1865 232 1935 6.
256 1866 431 1933 Enimvero
452 1868 499 1933 ait
517 1889 693 1933 memorem
712 1867 803 1932 illum
823 1866 1002 1952 magisterii
1020 1867 1121 1931 vestri
1139 1869 1175 1919 10

108 1954 425 2041 disciplinarumque,
448 1979 527 2041 quas
552 1958 639 2042 apud
662 1959 793 2022 nostros
810 1956 934 2039 peritos
953 1955 1123 2041 acceperit,

69 2047 142 2110 ruet
158 2044 370 2128 puderet
296 2043 370 2110 flect
372 2046 546 2110 endumt
514 2050 546 2110 et
568 2046 750 2111 reverentia
768 2044 977 2108 molliendum
997 2045 1068 2108 vult
1054 2049 1123 2109 tus·

108 2153 170 2234 que
179 2132 287 2234 ipsos
313 2139 444 2200 nostros
472 2134 630 2219 religione
657 2133 851 2216 praeteritae
879 2132 1122 2197 consuetudinis

106 2219 239 2285 minime
269 2226 422 2304 aspernat
423 2244 527 2286 urum.
574 2221 601 2285 0
629 2242 698 2285 rem
726 2219 896 2284 ridiculam
923 2221 955 2281 et
977 2218 1121 2302 puerilis,

106 2329 159 2374 me
177 2309 250 2375 dius
273 2310 379 2393 fidius,
403 2311 610 2392 abiectaeque
634 2313 706 2373 sent
692 2294 837 2372 tentiae!
872 2304 1035 2370 Absentes
1058 2328 1120 2370 nos

108 2398 315 2463 contumeliis
343 2397 555 2463 lacessivite
557 2397 639 2462 tad
669 2395 863 2480 supplicium
887 2393 960 2459 dedi
984 2395 1047 2459 sibi
1070 2399 1120 2479 ty-

18 2489 25 2496 ’
68 2504 94 2548 ιι
107 2487 241 2551 rannico
267 2487 385 2570 spiritu
403 2486 549 2570 postulat
573 2490 605 2550 et
627 2485 796 2550 interitum
814 2489 963 2550 nostrum
985 2485 1081 2550 molit
1067 2489 1121 2549 tur

108 2574 312 2660 civitatisque
336 2575 497 2661 praeludit
521 2575 688 2639 exitium
678 2597 723 2658 rs,
746 2596 765 2638 a
789 2596 852 2658 quo
876 2574 1040 2660 praesenti
1063 2597 1120 2659 no·

107 2663 158 2728 bis
176 2664 416 2729 humanitatem
433 2664 532 2729 istam
557 2667 589 2728 et
608 2663 785 2728 amicitiam
803 2664 1021 2731 hariolamini.
1059 2661 1121 2727 Ne·

108 2773 170 2836 que
198 2753 278 2817 illud
301 2775 397 2838 mage
425 2774 510 2816 nunc
539 2756 614 2817 ante
643 2753 755 2817 oculos
782 2755 884 2833 venit,
912 2753 1121 2836 Stesagoram

106 2843 256 2907 nostrum
279 2841 521 2907 Plataeensium
545 2842 743 2926 magistratu
767 2841 948 2908 deiectum?
971 2842 1005 2905 in
1029 2840 1120 2903 cuius

198 2996 308 3053 vAtA.
328 2999 411 3053 AeP.
450 2997 603 3054 8intentos
617 3003 765 3054 correctam
778 2999 810 3052 ia
823 2998 990 3053 intentusA.
1009 2998 1119 3051 nostras

107 3067 290 3123 remittendas
309 3085 359 3126 om
378 3070 411 3123 P.
486 3074 518 3123 11
537 3069 727 3123 temeritatem
746 3069 855 3124 scilieet
873 3072 902 3122 et
920 3066 1065 3122 audatiam
1086 3068 1119 3120 P.

110 3143 143 3192 12
162 3137 228 3194 illos
249 3140 282 3196 P
339 3145 372 3194 16
391 3141 518 3221 Megares
537 3140 616 3210 Epir.
644 3139 822 3209 Megarenses
839 3140 912 3194 Mai.
940 3154 1068 3205 mageros
1084 3137 1119 3191 A.

107 3211 230 3279 megaris
250 3211 283 3264 P.
327 3210 493 3267 verterimus
512 3213 548 3266 A.
577 3211 759 3266 averterimus
781 3209 814 3264 P.
890 3215 922 3264 17
941 3209 1064 3263 vitamus
1086 3209 1119 3262 P.

197 3282 226 3337 6.
259 3287 293 3336 20
311 3285 344 3336 ut
361 3281 518 3336 reverentia
537 3282 569 3335 Ρ
655 3286 689 3335 26
707 3279 823 3335 molitur
840 3280 948 3349 scripsi.
975 3278 1120 3332 interitum

106 3353 234 3406 nostrum
256 3351 375 3407 moliens
399 3353 522 3407 civitatis
545 3351 688 3434 praeludit
711 3351 768 3405 exit
768 3350 795 3405 io
756 3351 876 3405 t.Mr
917 3350 972 3404 iter
993 3351 1120 3403 nostrum

107 3421 184 3504 olym
211 3422 390 3492 civitatisque
436 3423 558 3479 raeludit
546 3422 700 3478 texitium
723 3422 758 3475 A.
802 3419 875 3475 inter
900 3423 1026 3475 nostrum
1052 3421 1119 3475 olim

107 3489 289 3616 {qvitatisque
306 3443 449 3623 ppaeludit
469 3493 632 3550 exitiumP.
669 3499 703 3548 26
722 3490 910 3560 praescntiA.
938 3491 1118 3560 praeferriP.

160 3565 258 3619 amrcrt
259 3580 301 3618 ras
