2362 3938
26 197 91 262 136
442 189 551 246 Ιιιιιι
567 190 616 250 ιιι.

25 359 96 424 crat
119 355 200 420 haec
223 353 457 420 Samiramidoa
485 375 583 437 supra
610 353 726 418 dictae.
771 350 824 416 Ad
847 374 918 417 eam
941 354 1045 438 igitur

23 444 210 510 Alexander
234 443 348 508 scribit
370 442 465 507 talia:

37 534 39 539 ’
116 531 318 616 ‘Aegyptum
343 531 514 596 adveniens
543 552 582 594 ιι
605 551 716 595 eorum
741 529 905 612 indigenis
933 530 1045 596 audivi
1062 548 1103 598 45.

24 620 93 685 illis
107 622 202 685 terris
223 623 255 684 et
274 619 387 684 domos
403 623 527 683 vestras
547 622 581 683 ιι
598 618 771 702 sepulchra
789 638 859 682 esse
875 618 1046 685 defuneto-

4 730 112 792 rum3
142 731 180 773 ιι
209 708 326 791 quibus
349 708 457 792 palam
485 706 548 772 fuit
571 707 792 771 dominatores
822 727 893 771 esse
917 707 1046 788 priscos

26 817 121 881 reges
145 796 246 862 vestri
269 795 459 880 Indiamque
482 795 635 861 tenuisse.
675 794 763 860 Nam
786 798 819 858 et
841 795 961 860 relatio
990 798 1045 861 ad-

28 884 112 950 didit
129 884 292 950 Ammona
316 904 442 967 quoque
467 905 573 948 meum
597 884 759 949 militasse
782 905 847 947 una
865 884 1046 968 vobiscum,

29 972 120 1039 ctid
141 973 248 1037 famae
268 972 487 1056 adstipulatur
511 972 609 1037 etiam
630 972 751 1037 oraculi
770 972 935 1056 maiestas,
960 975 1045 1056 quod

28 978 97 1127 edit
82 1065 152 1126 tum
175 1061 265 1125 iubet
286 1081 352 1124 uno
375 1082 435 1125 nos
460 1060 519 1125 deo
540 1060 640 1125 sacris
660 1061 804 1145 obsequi.
841 1059 950 1135 Quare
969 1062 1046 1125 reli-

5 1151 158 1236 giosum
187 1152 238 1213 est
259 1148 366 1214 facere
390 1149 475 1212 dei
466 1171 614 1250 iussae
596 1149 690 1212 etid
718 1170 834 1212 moneo
860 1149 1045 1235 suadeoque

26 1237 146 1303 rectius
176 1236 239 1301 tibi
268 1235 336 1302 fact
321 1239 429 1320 turae,
465 1237 493 1301 si
523 1237 666 1320 veneris,
701 1238 865 1302 enimvero
901 1239 1045 1304 multum

26 1328 232 1411 peccaturas,
257 1325 284 1389 si
308 1323 462 1392 omittas?

119 1411 178 1478 29.
202 1412 255 1478 Ad
277 1412 357 1477 haec
376 1411 525 1478 Oandace
549 1413 672 1477 scrrb1
647 1414 672 1477 .
698 1411 827 1479 ‘Verius
851 1415 949 1479 nobis
973 1437 1043 1480 ora·
1061 1425 1102 1475 46.

28 1504 136 1567 culum
160 1506 211 1567 est
233 1501 404 1568 Ammonis
427 1501 479 1566 dei
499 1523 604 1586 neque
627 1523 688 1566 nos
714 1502 749 1565 in
772 1500 962 1586 Aegyptum
986 1505 1043 1567 mi-

2 1591 129 1656 clitare
158 1612 262 1675 neque
291 1590 419 1655 Indiam
452 1594 600 1657 nostram
635 1590 697 1656 hac
731 1612 770 1655 ιι
799 1612 897 1655 eausa
928 1592 1045 1656 debere

30 1679 237 1764 commoveri,
260 1680 346 1745 enim
371 1680 399 1744 si
417 1679 489 1764 quis
508 1680 572 1745 huc
595 1679 721 1763 audeat,
743 1680 832 1744 hisce
851 1683 967 1763 utpote
988 1682 1044 1746 ho-

30 1768 135 1832 stibus
164 1790 341 1834 occursare.
393 1768 499 1844 Quare
530 1768 581 1834 dei
610 1769 707 1833 iussis
735 1789 849 1851 parere
880 1769 1045 1835 decretum

30 1861 81 1921 est
114 1878 152 1922 ae
183 1857 409 1923 verecundum.
463 1855 533 1922 Nec
565 1879 625 1923 nos
659 1857 810 1922 aestimes
849 1878 887 1921 ιι
921 1859 1045 1941 eolore3

31 1947 151 2030 quippe
179 1947 230 2010 eui
259 1947 360 2010 animi
388 1945 535 2010 liberalia
560 1946 682 2029 species
706 1945 938 2010 intuendat
888 1949 951 2030 est,
979 1968 1046 2011 non

1 2035 113 2098 usatis
144 2034 288 2115 corporis
317 2033 425 2098 forma
453 2033 662 2118 praeiudicat.
640 2032 748 2097 tId
778 2055 819 2096 ne
848 2036 908 2116 put
910 2055 944 2097 es
976 2039 1045 2099 arte

29 2121 157 2186 timoris
186 2121 274 2185 adlat
260 2126 345 2204 tum,
376 2121 544 2204 octoginta
571 2121 665 2185 nobis
691 2121 829 2219 populos
861 2120 943 2183 scito
925 2142 1046 2187 cesse

29 2207 81 2271 vel
104 2207 276 2308 maximos,
305 2229 424 2291 eosque
454 2209 561 2272 omnis
590 2227 687 2290 agere
714 2207 749 2268 in
776 2205 874 2269 armis
903 2228 971 2269 non
1001 2212 1046 2274 ob

28 2293 180 2357 iniuriam
203 2294 413 2378 inferendam,
436 2294 493 2359 sed
516 2293 730 2359 inferentibus
754 2313 951 2356 occursurae.
996 2296 1046 2360 At

28 2401 105 2446 vero
132 2383 165 2444 te
192 2381 310 2464 probo,
339 2382 424 2466 quod
453 2382 494 2446 ad
523 2380 783 2446 communionem
809 2400 870 2443 nos
898 2382 981 2445 sacri
1012 2391 1047 2449 et

1 2490 16 2532 a
30 2468 220 2551 obsequium
250 2489 347 2532 voces
378 2469 549 2534 Ammonis
579 2467 646 2550 dei,
676 2489 771 2552 quem
802 2468 979 2536 maximum
1011 2479 1044 2537 ιι

28 2556 329 2640 praesentissimum
353 2557 482 2622 scimus.
528 2556 673 2622 Habebis
698 2578 775 2643 ergo
799 2557 862 2622 tibi
887 2581 925 2623 ιι
947 2561 1042 2625 nobis
1063 2575 1108 2627 47.

30 2644 194 2710 amicitiae
214 2649 443 2729 argumentum
462 2648 592 2711 eentum
609 2646 784 2713 laterculos
809 2647 879 2713 auri
898 2650 1044 2733 grandis·

118 2837 298 2904 anputatae
325 2837 358 2890 ia
385 2835 420 2892 A.
448 2840 635 2908 superscripta
662 2845 727 2896 areat
757 2841 836 2896 haec:
868 2839 1044 2895 EPISTOLA

30 2907 247 2964 ALEXANDRI
265 2905 315 2962 AD
336 2906 537 2963 OANDAOEM
555 2908 735 2966 REGINAM.
813 2911 911 2979 cquis
930 2913 963 2966 P.
996 2912 1043 2965 do-

30 2978 152 3035 minatos
171 2978 203 3032 P.
242 2978 350 3048 bregis
364 2978 444 3036 A.P.
466 2977 568 3034 ralatio
584 2981 619 3035 A.
657 2980 800 3035 auditum
817 2983 850 3037 P.
871 2982 994 3037 edictum
1008 2983 1043 3037 A.

31 3068 86 3107 uno
110 3050 186 3106 AP.
214 3056 288 3105 una?
389 3056 421 3103 11
446 3050 588 3104 enimvero
610 3053 718 3120 amabat.
746 3069 803 3106 non
824 3069 891 3107 vero
915 3055 950 3109 A.
958 3053 991 3107 P.
1021 3053 1045 3106 si

30 3123 149 3178 veneris.
178 3122 242 3177 Non
265 3137 331 3176 vero
353 3122 426 3175 mult
414 3126 473 3175 tum
497 3121 521 3175 si
539 3120 649 3176 veneris
674 3127 795 3178 ,ῆνιιο
818 3124 908 3176 multu
928 3139 1044 3190 peccare

31 3195 56 3248 si
74 3194 110 3248 A.
187 3198 218 3246 12
238 3193 351 3248 omittas
370 3192 442 3246 Mai.
471 3190 614 3247 ammittas
633 3193 669 3246 A.
698 3192 787 3246 admit
776 3195 832 3247 ttas
850 3193 883 3246 P.

121 3263 170 3319 29.
204 3270 237 3318 13
262 3262 403 3317 Candaces
426 3262 461 3318 A.
467 3263 501 3318 P.
527 3265 577 3332 (sic
598 3263 655 3330 fere
676 3267 797 3330 semper).
832 3267 894 3330 port
913 3261 1042 3315 scribit’

29 3336 130 3404 lcqitwr
156 3336 188 3388 ιιι
215 3335 264 3389 A.
292 3331 471 3389 EPISTOLA
499 3331 678 3388 OANDAOIS
703 3330 752 3384 AD
778 3328 1044 3387 ALEXANDRVM

28 3404 130 3458 Verius
151 3405 224 3459 Mai.
253 3422 340 3459 venus
359 3405 395 3459 A.
403 3405 436 3459 P.
499 3408 532 3457 15
551 3405 621 3486 haec
640 3419 674 3458 ex
693 3418 777 3456 causa
795 3403 830 3457 A.
892 3407 924 3454 16
943 3399 986 3454 his
1009 3401 1043 3456 P.

31 3479 63 3528 1⁷
84 3491 230 3529 occursare
248 3491 317 3531 corr.
336 3492 369 3531 ea
387 3475 527 3530 incursare
541 3475 575 3531 A.
609 3475 639 3544 in
658 3488 802 3529 occursare
817 3472 849 3527 P.
912 3476 946 3525 20
965 3487 1044 3539 prae·

29 3543 146 3600 dicatP.
220 3551 252 3599 21
273 3546 343 3601 scito
362 3563 413 3603 cm.
433 3547 468 3602 P.
