2376 3938
336 166 627 232 ARGONAUTIOON
644 168 754 223 LIBER
771 171 833 225 VII.
1034 175 1098 238 135

83 318 141 397 dic,
163 318 213 397 ait,
235 334 273 376 an
296 311 441 394 potius?''
456 349 499 359 --
514 317 711 395 strictumque
734 317 841 379 ruebat
863 321 895 379 in
918 338 1029 382 ensem.

53 412 55 416 ’
82 400 220 486 promisi3
244 423 281 464 ne
302 403 382 487 salle,
404 422 522 484 precor.
568 422 696 483 cumque
719 407 783 484 ipsa
806 423 946 468 monerer

82 494 220 572 adloquio
244 510 376 571 casuque
398 494 472 573 uiri,
494 500 524 552 te
547 512 634 572 passa
656 495 755 572 rogari

83 588 150 644 sum
172 584 289 662 potius3
312 589 346 641 tu
368 580 455 641 laude
479 599 571 662 notra,
593 590 628 642 tu
650 582 783 661 supplice
805 582 895 662 digno
998 627 1001 632 .

82 671 200 750 dignior
219 689 265 751 es3
290 677 335 730 sat
357 670 434 729 sama
457 671 532 729 meis
554 673 614 730 iam
635 677 720 749 parta
742 673 889 733 uenenis.'

82 762 107 820 si
130 758 249 839 Pelopis
272 758 364 820 druos
386 761 469 837 prior
492 757 686 838 Hippodamia
707 757 824 819 labores

82 847 213 928 expediit
234 842 339 926 totque
362 864 415 906 ora
438 846 526 906 simul
548 847 670 927 uulgata
691 865 854 925 procorum

81 938 246 1015 respiciens
270 935 389 1002 tandem
411 937 524 1014 patrios
546 935 703 996 exhorruit
725 953 804 1017 oxea,

82 1028 109 1085 si
131 1023 213 1084 dedit
235 1026 300 1103 ipsa
321 1025 389 1083 neci
413 1024 536 1085 fratrem
558 1024 667 1084 hhneia
689 1025 788 1103 uirgo:

81 1131 136 1173 cur
158 1132 218 1173 non
241 1112 408 1191 hospitibus
431 1113 475 1172 fas
498 1114 537 1172 sit
560 1129 738 1173 succurrere
762 1112 859 1191 dignis

80 1210 111 1262 te
135 1219 252 1280 quoqne
277 1209 307 1262 et
329 1201 442 1261 Aeaeos
462 1199 567 1261 iubeas
590 1202 747 1261 mitescere
771 1196 912 1280 campos?

83 1290 199 1351 occidat
222 1298 343 1352 aeterna
365 1288 485 1350 tandem
508 1288 646 1350 Cadmeia
668 1297 763 1350 morte

81 1380 140 1438 iam
164 1397 249 1457 seges
272 1387 302 1438 et
324 1381 390 1439 uiso
414 1378 563 1439 fumantes
586 1378 703 1456 hospite
726 1373 826 1439 tauri?

126 1511 268 1571 Torserat
289 1509 339 1569 illa
361 1511 446 1588 graui
468 1492 641 1569 iamdudum
663 1509 775 1569 lumina
798 1508 885 1569 uultu

82 1602 133 1661 uix
152 1601 265 1659 animos
288 1596 482 1676 dextramque
505 1604 626 1679 tenens,
651 1599 723 1675 quin
744 1599 809 1675 ipsa
831 1595 981 1675 loquentis
1020 1600 1022 1604 “

82 1690 141 1748 iret
163 1689 194 1747 in
216 1704 269 1746 ora
292 1685 377 1767 deae;
400 1693 482 1747 tanta
502 1682 602 1765 pudor
620 1691 735 1744 aestuat
757 1686 823 1766 ira„

83 1779 200 1854 iamque
224 1783 290 1834 toro
314 1772 446 1853 trepidas
467 1772 571 1835 infelix
592 1768 695 1835 obruit
719 1782 806 1832 aures

83 1863 176 1925 uerba
199 1881 322 1942 cauens;
345 1861 454 1922 horror
477 1860 582 1922 molles
604 1864 759 1922 inuaserat
779 1867 871 1920 artus.
972 1911 981 1919 ,

84 1971 139 2012 nec
160 1971 218 2031 quo
242 1952 322 2011 serre
346 1951 447 2030 fugam
469 1969 525 2011 nec
549 1968 609 2030 quo
629 1967 660 2010 se
683 1952 804 2010 uertere
827 1954 930 2027 posset

84 2059 192 2121 prensa
214 2040 310 2100 uidet·
284 2046 417 2119 t‚rupta
441 2036 529 2100 condi
550 2030 658 2100 tellure
680 2039 836 2117 premique

85 2128 256 2190 iamdudum
280 2130 419 2206 cupitae
443 2127 522 2188 diras
545 2126 674 2188 euadere
697 2138 811 2187 uoces.-

128 2262 181 2323 llla
205 2251 291 2339 sequi
313 2259 398 2322 iubet
421 2267 451 2320 et
473 2262 569 2340 portis
592 2267 728 2338 expectat
750 2261 782 2319 iu
803 2259 885 2336 ipsis.
1047 2269 1100 2318 300

86 2369 195 2411 saeuus
217 2349 361 2410 Echionia
385 2368 441 2410 ceu
464 2348 597 2409 Penthea
619 2347 753 2409 Bacchus
774 2349 807 2407 in
831 2345 897 2407 aula

84 2437 197 2499 deserit
219 2439 338 2499 infectis
357 2456 416 2518 per
438 2437 555 2498 roscida
578 2445 691 2497 cornua
713 2437 806 2516 uittis,

82 2545 152 2588 cum
174 2535 258 2589 tenet
279 2527 329 2587 ille
353 2526 455 2608 deum,
478 2525 710 2605 pudibundaque
733 2525 864 2605 tegmina
886 2522 989 2584 matris

82 2623 279 2694 tympanaque
303 2623 334 2676 et
355 2615 476 2676 mollem
498 2614 713 2676 subito-miser
735 2615 843 2694 accipit
866 2611 994 2673 hastam:

83 2701 162 2761 haud
185 2701 269 2761 aliter
292 2701 410 2763 deserta
432 2711 523 2782 pauet
544 2722 658 2782 perque
682 2705 780 2765 omnia
803 2704 918 2762 circum
1048 2710 1101 2760 305

87 2790 146 2849 fert
169 2787 272 2848 oeulos
290 2791 436 2868 tectisque
460 2798 549 2868 negat
570 2791 734 2870 procedere
756 2793 852 2868 uirgo.

72 2886 190 2938 eontra
213 2894 322 2937 saeuus
344 2895 440 2957 amor,
464 2884 568 2937 eontra
590 2881 743 2957 periturus
766 2878 853 2938 lason

85 2973 173 3046 urget
195 2973 226 3026 et
250 2963 366 3025 auditae
390 2972 531 3025 crescunt
552 2965 584 3024 in
605 2973 728 3044 pectore
752 2981 851 3025 uoces.
1019 3042 1022 3047 Ι

85 3055 146 3116 hen
169 3053 242 3134 quid
266 3049 353 3133 agat?
377 3051 460 3113 uidet
483 3058 607 3112 externo
630 3069 663 3112 se
685 3051 813 3156 prodere
836 3058 952 3130 patrem

85 3143 266 3224 domnino,
290 3143 397 3202 samam
420 3141 599 3202 scelerum
590 3157 711 3219 iamque
731 3142 796 3219 ipsa
819 3156 944 3200 suorum
1051 3118 1104 3201 ato

85 3235 246 3313 prospicit,
270 3240 300 3291 et
318 3239 427 3310 questu
451 3246 576 3308 superos
600 3236 766 3308 questuque
790 3229 892 3306 fatigat

86 3319 221 3402 Tartara3
240 3321 338 3399 pulsat
360 3319 485 3380 humum
512 3317 708 3396 manibusque
731 3319 931 3379 inmurmurat
953 3317 1040 3377 uncis

84 3412 181 3470 noctis
204 3427 286 3470 eram
308 3409 466 3487 Ditemque
489 3409 584 3487 ciens,
608 3425 786 3468 succurrere
810 3404 931 3467 tandem

85 3505 181 3558 morte
204 3497 299 3559 uelint
320 3501 479 3578 ipsumque
503 3495 592 3556 simul
615 3494 772 3558 demittere
797 3494 866 3574 leto,
