2362 3938
460 189 578 246 AOTUS
597 190 822 248 ALEXANDRI.
1092 191 1135 256 93

122 353 307 419 Alexander
326 353 413 437 ades,
437 354 493 438 qui
517 355 596 419 adeo
614 353 752 418 nihilum
770 374 918 420 reverens
937 354 1042 420 nostri
1060 375 1135 419 con·

122 442 336 508 fidentissime
354 441 533 527 loqueris?
557 463 748 527 responsum
768 442 893 530 accepit
916 464 986 508 sese
1007 441 1136 527 quidem

121 531 361 597 internuntium
384 552 465 616 esse,
487 532 573 596 euim
595 552 654 616 pro
674 531 746 616 ipso
764 529 952 596 Alexandro
974 533 1024 596 uti
1046 553 1136 616 prae·

122 623 214 685 sente
239 620 331 705 loqui
355 624 513 704 oportere.
558 619 694 703 Accepit
715 619 797 684 haec
819 618 939 684 Darius
963 618 1052 684 diota
1074 619 1136 685 cle·

120 708 263 774 mentius
289 713 330 791 et,
354 707 553 792 ‘Quoniam'
577 708 693 792 iuquit,
719 705 819 774 ‘more
842 707 1016 792 legationis
1039 707 1162 772 huiuss

118 819 159 861 ne
183 796 371 862 Alexander
393 796 524 882 quidem
547 818 638 862 secus
661 797 855 881 honoratur,
879 795 920 861 ad
944 796 1135 861 sacrificium

120 886 196 950 hinc
229 907 267 950 ac
295 885 445 970 deinceps
476 885 517 950 ad
545 885 729 951 convivium
757 883 1005 951 convertamur?
1056 883 1137 951 Post

121 976 201 1039 haec
227 974 315 1039 dicta
340 995 412 1039 cum
439 995 552 1039 manus
578 996 635 1038 rex
660 972 845 1039 Alexandro
870 972 1137 1058 adprehendisset

121 1068 221 1146 atque
249 1063 283 1127 in
311 1063 436 1146 regiam
463 1064 603 1146 ingressi
625 1062 747 1146 forent,
775 1062 807 1127 id
836 1083 963 1147 quoque
990 1063 1054 1129 sibi
1082 1085 1136 1128 au·

121 1152 248 1234 spicato
278 1151 350 1215 fieri
378 1151 562 1216 Alexander
590 1151 768 1216 arbitratus
799 1153 862 1235 est,
891 1151 978 1236 quod
1007 1152 1135 1218 volente
1149 1172 1176 1212 ro

120 1261 197 1324 rege
216 1239 251 1302 in
272 1240 341 1303 eius
355 1240 480 1324 regiam
493 1239 719 1304 deducebatur.
754 1237 861 1325 Igitur
879 1241 937 1307 ubi
955 1244 1084 1326 tempus
1137 1247 1181 1301 Χ*

121 1327 279 1392 coenandi
300 1328 372 1410 fuit,
394 1350 512 1413 rexque
533 1328 682 1393 accubuit
701 1329 864 1413 ceterique
888 1330 1064 1395 secundum
1087 1352 1137 1396 or·

121 1417 230 1480 dinem
254 1416 434 1502 dignitatis,
457 1420 494 1481 ut
515 1416 582 1482 illis
606 1438 676 1481 mos
701 1420 780 1501 erat,
804 1417 1002 1502 discubuere,
1028 1419 1137 1483 adver·
1166 1436 1171 1444 ‘

122 1527 194 1568 sum
224 1509 335 1569 tamen
363 1504 500 1570 Darium
529 1526 664 1570 coenare
696 1506 897 1570 sedentarius
927 1507 1034 1570 iussus
1062 1505 1136 1570 Ale-

120 1593 244 1657 xander
267 1592 390 1659 honore
410 1593 511 1680 legati
530 1595 674 1659 omnium
693 1595 805 1659 oculos
828 1595 863 1658 in
886 1615 920 1658 se
943 1593 1038 1662 facile
1061 1615 1136 1659 con·
1151 1615 1176 1656 15

122 1682 278 1746 vertebat.
331 1680 534 1766 Quamquam
562 1684 648 1746 enim
678 1682 769 1747 brevi
797 1703 931 1765 corpore
961 1702 1065 1766 neque
1095 1683 1136 1748 ad

121 1770 286 1835 Persicam
311 1771 568 1856 magnitudinem
592 1770 768 1836 haberetur
791 1770 1003 1855 -plerique
1031 1770 1135 1837 ferme

121 1858 315 1923 auctiusculi
341 1862 416 1924 sunt
435 1896 491 1939 —,
517 1864 629 1925 tamen
657 1863 689 1923 et
711 1859 767 1924 filo
791 1857 858 1923 oris
881 1862 914 1924 et
937 1859 1137 1943 reliquorum

121 1948 342 2012 membrorum
370 1948 436 2013 situ
465 1947 663 2013 admirabilis
691 1947 872 2012 visentibus
901 1949 978 2013 erat.
1030 1945 1138 2032 Igitur

122 2036 271 2101 convivio
301 2035 367 2100 iam
400 2037 593 2120 procedente
628 2035 787 2101 eiusmodi
817 2034 894 2120 quid
927 2034 1034 2102 facere
1064 2035 1137 2101 Ale·
1151 2058 1177 2098 ro

121 2125 281 2189 xandrum
301 2124 396 2189 subit.
432 2124 589 2190 Poculum
613 2125 709 2209 enim,
731 2128 768 2189 ut
790 2123 940 2208 quodque
964 2125 1005 2190 ad
1028 2124 1137 2190 biben·
1166 2179 1169 2185 .

123 2212 199 2277 dum
227 2216 408 2298 acceperat,
435 2214 492 2277 ubi
520 2213 718 2296 strinxisset,
745 2235 803 2278 vas
830 2213 939 2298 ipsum
966 2214 1001 2278 in
1030 2214 1137 2280 sinum

123 2303 185 2366 sibi
219 2302 355 2367 condere
389 2305 485 2387 atque
523 2306 560 2368 ut
596 2302 766 2387 proprium
798 2306 950 2387 coeperat
983 2301 1136 2368 detinere.

124 2390 217 2466 Quod
240 2391 296 2454 ubi
319 2413 339 2455 a
361 2391 518 2456 ministris
541 2393 612 2475 regi
635 2395 686 2456 est
706 2391 896 2474 indicatum,
918 2392 1079 2457 incertum
1103 2391 1136 2457 id

123 2479 318 2543 damnumne
337 2501 378 2542 an
398 2479 628 2545 contumeliam
646 2482 738 2545 ratus
761 2480 994 2566 insurgensque
1015 2478 1135 2546 Darius
1150 2501 1176 2542 25

124 2565 287 2652 ‘Ecquid'
310 2568 424 2651 inquit,
448 2566 526 2634 ‘hoc
549 2572 609 2651 est,
633 2567 719 2652 quod
742 2569 859 2653 poeula
877 2569 940 2635 hoc
958 2569 1137 2634 furatrinae

124 2676 240 2738 genere
264 2654 445 2721 avertisti?
487 2655 550 2722 Sed
572 2657 630 2722 ubi
653 2657 692 2722 de
715 2661 808 2724 motu
830 2658 975 2742 corporis
994 2655 1136 2722 Alexan·

123 2744 179 2808 der
207 2744 381 2828 intellexit,
411 2744 489 2829 quid
514 2745 549 2810 iu
571 2745 672 2811 Dario
696 2746 889 2811 mobilitatis
917 2745 1017 2812 animi
1044 2746 1138 2827 foret,

126 2832 242 2896 —hac
261 2833 349 2896 enim
367 2855 405 2897 ex
424 2855 521 2899 causa
539 2833 572 2898 id
591 2834 763 2901 consilium
783 2835 1020 2918 exsequebatur
1033 2870 1078 2880 -
1093 2832 1136 2897 ‘0

123 2920 205 3005 rex,'
234 2921 295 3004 ait,
323 2920 464 2986 ‘morem
486 2928 577 2988 ratus
604 2924 658 2989 hic
681 2944 808 3007 quoque
832 2922 1010 2988 Alexandri
1031 2920 1137 2987 nostri
1151 2945 1177 2984 oo

124 3010 248 3074 servari
276 3009 325 3094 id,
352 3008 438 3094 quod
470 3012 556 3096 apud
588 3015 719 3078 nostros
753 3011 939 3093 didiceram,
968 3014 1136 3074 exsecutus

125 3120 208 3181 sum,
233 3099 352 3182 quippe
376 3099 426 3164 illi
448 3100 654 3165 liberalitatis
673 3098 754 3163 haee
772 3097 878 3162 forma
901 3101 959 3181 est,
983 3097 1032 3161 uti
1049 3097 1136 3180 priu-

212 3348 228 3397 2
248 3358 413 3412 responsum
432 3345 492 3400 Mr.
516 3343 686 3413 respondam
706 3342 740 3397 P.
818 3344 930 3396 bmoro
947 3339 1055 3409 scripsi.
1078 3351 1137 3392 mo·

124 3431 182 3468 rem
206 3413 239 3470 P.
313 3420 382 3468 one
405 3416 470 3471 odd.
494 3415 595 3470 Eberb.
674 3413 904 3468 'loouvertamur
927 3412 986 3467 Mr.
1014 3412 1138 3466 reverta·

124 3486 189 3609 {1ng
188 3485 237 3609 P,²
288 3490 320 3539 18
340 3485 388 3540 filo
407 3485 464 3541 Mr.
493 3485 551 3540 lilio
572 3486 606 3542 P.
671 3481 894 3549 meministis
914 3484 972 3539 Mr.
1002 3482 1039 3538 ad
1057 3476 1139 3537 mini·
