2362 3938
88 218 132 284 92
514 215 623 270 crena
641 215 674 268 u.

88 399 158 444 sese
182 378 430 443 transeuntibus
454 378 545 460 viris,
570 377 670 442 carris
694 376 791 441 etiam
815 397 911 459 quam
936 376 1105 441 onustissi-

86 467 149 533 mis
172 466 344 551 praebeat,
372 470 470 551 atque
498 488 537 530 ex
560 466 623 531 hoc
649 465 781 550 ingenio
810 464 861 530 sui
887 469 966 529 tunc
990 465 1103 550 grada-

86 555 164 621 bilis
183 554 279 639 forat,
303 554 424 620 ibidem
448 557 580 638 accepto
599 554 724 637 habitu,
747 575 844 638 quem
868 553 945 618 deus
964 555 1107 619 monitor

87 646 418 729 praemonstraverat,
436 643 505 726 ipse
524 641 651 726 quidem
671 662 735 706 uno
755 653 833 707 usus
853 663 935 726 equo
955 646 1105 727 coeptum

63 734 156 798 riter
180 732 264 818 agit,
288 732 459 797 Eumelum
486 751 584 813 porro
613 751 687 795 cum
716 731 806 815 equis
834 730 959 795 duobus
988 731 1106 796 ibidem

90 821 271 886 subsistere
296 841 333 885 ae
356 840 390 883 se
414 819 534 901 operiri
557 818 655 883 iubet.
700 818 808 902 Igitur
830 819 1025 884 transmisso
1050 821 1105 884 flu-

89 910 193 993 mine,
221 908 310 975 cuius
337 906 475 971 latitudo
505 911 555 972 est
578 905 665 971 haud
688 907 796 971 minus
820 907 919 971 stadii
942 929 1106 991 mensura,

90 997 132 1063 ad
160 998 233 1080 ipsa
261 995 348 1080 regis
379 994 522 1059 tentoria
549 998 709 1078 penetrat.
760 993 824 1059 Sed
854 1017 927 1060 cum
958 996 1106 1062 habitum

89 1085 152 1149 viri
173 1083 291 1149 Persae
316 1082 552 1147 demirarentur
580 1082 828 1167 opinionemque
857 1082 920 1147 sibi
943 1084 1045 1149 ferme
1070 1086 1106 1148 de

50 1194 76 1235 ιο
91 1172 150 1236 deo
174 1172 248 1254 ipso
272 1169 457 1254 suaderent,
479 1170 705 1254 nihilominus,
728 1171 837 1255 ecquis
861 1171 958 1254 foret,
984 1176 1107 1257 quaeri-

89 1261 164 1324 tant
197 1262 230 1322 et
259 1259 419 1322 volentem
448 1259 618 1323 convenire
645 1279 754 1343 regem
782 1258 932 1342 protinus
961 1260 1020 1324 illo
1055 1262 1107 1325 de·

89 1347 222 1412 ducunt.
259 1345 435 1412 Enimvero
458 1346 543 1411 forte
561 1346 682 1412 Darius
701 1350 777 1412 tunc
796 1346 921 1411 visendi
945 1350 1105 1414 exercitus

91 1435 143 1500 sui
165 1455 264 1500 causa
292 1439 493 1518 processerat
515 1435 748 1519 hortandisque
771 1435 887 1500 animis
911 1456 1042 1499 suorum
1067 1439 1105 1500 de

91 1523 224 1608 ignavia
255 1521 467 1588 Macedonum
504 1524 760 1589 contionabatur.
825 1523 956 1608 Iamque
994 1523 1105 1588 aderat

52 1633 79 1674 rs
94 1610 281 1676 Alexander
309 1615 341 1676 et
367 1611 520 1677 habitum
548 1613 640 1678 illum
663 1634 878 1698 pompamque
905 1612 1014 1697 regiae
1039 1635 1105 1677 ma-

91 1700 298 1784 gnificentiae
316 1700 506 1766 mirabatur.
547 1701 696 1786 Denique
719 1723 786 1767 non
809 1703 930 1786 absque
954 1723 992 1766 ea
1016 1701 1107 1766 dubi·

90 1787 214 1852 tatione
238 1789 320 1873 egit,
348 1793 501 1855 utrumne
525 1791 708 1857 adorandus
737 1791 799 1856 sibi
827 1791 914 1856 idem
936 1813 992 1855 rex
1014 1791 1108 1873 foret,

90 1875 139 1940 ita
157 1877 247 1941 omni
261 1877 350 1942 cultu
369 1882 447 1944 tunc
466 1880 585 1964 capitis
603 1885 680 1946 tanc
694 1880 844 1964 vestitus,
863 1884 990 1966 sceptro
1011 1881 1107 1945 etiam

92 1967 126 2030 et
143 1964 342 2031 indumentis
361 1967 479 2051 pedam
498 1970 670 2056 magnifice
689 1969 917 2034 adornabatur.
949 1967 1108 2034 Aderant·

51 2075 79 2117 ao
93 2075 155 2139 quc
177 2057 211 2118 et
229 2055 409 2121 satellitum
433 2057 523 2122 milia
542 2063 676 2141 stupore
694 2057 865 2123 barbarico
884 2079 995 2143 regem
1015 2081 1108 2123 suum

91 2145 129 2206 ut
150 2141 245 2206 deum
269 2146 570 2228 praesentissimum
598 2145 758 2211 demirati.
805 2145 867 2211 Sed
894 2147 964 2211 viso
992 2146 1106 2210 habitu

91 2231 250 2296 eiusmodi
269 2254 326 2296 rex
344 2232 464 2298 Darius
488 2256 560 2299 cum
580 2233 724 2298 officium
743 2254 879 2317 quoque,
903 2233 988 2316 quod
1008 2233 1106 2296 simu-

89 2317 218 2384 laverat
236 2319 430 2403 Alexander,
453 2321 671 2406 cognovisset,
694 2320 780 2385 idem
801 2319 986 2385 Alexander
1003 2320 1106 2403 prior:

91 2405 160 2471 ‘En
181 2407 244 2472 tibi
270 2408 385 2473 adsum
407 2409 627 2474 internuntius
650 2408 794 2494 quidem,
823 2409 986 2472 enimvero
1011 2431 1106 2492 quem

50 2516 78 2558 ss
90 2495 195 2560 nihilo
215 2517 307 2561 secus
326 2497 429 2581 ipsius
449 2496 626 2562 Alexandri
645 2497 832 2581 praesentia
850 2497 991 2580 opinere.
1027 2495 1106 2560 Ver·

90 2583 196 2668 baque
220 2585 288 2649 cius
311 2589 345 2649 et
368 2584 523 2650 mandata
547 2590 624 2651 sunt
647 2585 742 2651 talia:
771 2583 880 2670 ‘qu'
903 2585 1022 2669 inquit,
1046 2584 1106 2649 ‘ar-

90 2671 195 2737 bitror
227 2694 300 2737 eum
332 2695 459 2759 regem,
491 2674 546 2758 qui
571 2695 687 2758 parum
714 2672 907 2739 festinanter
934 2673 1107 2738 contendet

90 2760 132 2826 ad
154 2761 329 2847 proelium,
351 2763 418 2826 iam
440 2763 548 2846 ipsum
573 2782 650 2827 suae
673 2763 824 2848 ignaviae
849 2766 882 2827 et
904 2761 1106 2827 diffidentiae

90 2852 208 2914 testem
231 2871 310 2915 esse.
351 2849 458 2925 Quare
481 2871 521 2914 ne
544 2851 631 2915 ultra
650 2852 837 2935 cessaveris,
861 2851 939 2935 quin
956 2852 1105 2936 protinus

49 2959 78 3001 ac
92 2937 299 3023 respondeto,
327 2938 413 3024 quod
441 2943 569 3022 tempus
597 2939 692 3004 nobis
721 2941 875 3024 agitando
902 2940 1025 3024 proelio
1055 2940 1106 3003 de-

93 3026 203 3093 deris'
260 3027 312 3091 Ad
344 3027 429 3091 hanc
461 3027 692 3092 confidentiam
722 3029 800 3093 dicti
838 3050 910 3093 cum
947 3029 1105 3093 excitatus

92 3114 200 3181 animo
227 3113 347 3181 Darius
376 3114 559 3181 ‘Numnam
591 3115 739 3200 quaeso,'
769 3109 920 3202 dixisset,
951 3116 1006 3181 ‘tu
1035 3117 1105 3200 ipse

183 3360 303 3415 lcarris
324 3360 383 3415 Mr.
412 3359 482 3414 caris
502 3359 536 3414 P.
582 3359 772 3416 tEumedum
794 3361 827 3415 P.
873 3360 944 3416 ose
962 3361 1049 3429 igitur
1071 3360 1104 3414 P.

94 3438 128 3487 10
147 3432 309 3501 quaeritant
322 3431 378 3486 Mr.
398 3430 603 3501 quaeritantem
617 3432 650 3487 P.
693 3435 726 3486 18
745 3433 855 3501 sceptro
871 3433 930 3487 Mr.
950 3431 1054 3501 sceptri
1071 3431 1104 3484 P.

93 3509 127 3558 19
146 3502 337 3558 adornabatur
352 3502 411 3558 Mr.
437 3501 608 3557 adorabatur
623 3503 657 3556 P.
707 3507 742 3557 25
761 3500 850 3572 ipsius
864 3505 971 3572 scripsi.
999 3503 1054 3571 ipsi
1070 3502 1104 3555 P.

92 3575 154 3644 ipso
173 3573 333 3630 Alexandro
351 3573 499 3643 praesente
518 3573 622 3630 Ebrrlr.
694 3579 728 3629 28
747 3589 814 3628 suae
833 3572 890 3629 Mr.
919 3575 963 3628 sui
984 3574 1018 3628 P.
