2362 3938
488 169 539 223 AD
558 169 624 224 ΜΒ.
644 170 665 223 Ι.
999 169 1079 224 XVII

62 319 192 380 uulnere
219 317 362 376 laborans
392 336 432 376 an
453 337 526 378 uero
548 320 733 379 temulentus
759 319 870 394 parieti
897 320 1078 380 1111111111-

58 408 145 469 uerit
166 425 227 466 non
250 405 419 465 accuratius
442 408 605 467 enerrauit.

154 496 216 554 149
247 494 316 553 baec
347 512 525 568 quenquam
563 496 702 555 miranda
732 496 808 555 circe
839 499 934 569 strepet
963 494 1077 556 Aesone

58 590 158 646 mars.
212 583 330 641 frustra
366 582 440 642 haec
476 585 571 642 uerba
606 583 741 643 defendit
777 583 866 642 Thilo
904 581 1012 659 [praef.
1048 605 1078 661 p.

60 669 218 746 XXXIIIJ.
230 673 233 677 ’
245 689 316 730 nam
339 671 418 746 quod
441 672 584 747 stupendi
604 668 699 732 uerbo
721 672 874 731 notionem
897 665 1078 732 ‘adtonitum

63 754 144 822 esse'
177 760 301 819 subesse
333 759 420 836 dicit,
453 760 566 820 oblitus
598 763 645 820 est
676 760 792 819 Valerii
826 778 916 820 usum
952 760 1078 821 dicendi.

63 850 118 925 qui
151 841 285 923 ‘stupere
319 841 370 906 ad'
398 849 450 907 uel
481 841 572 924 ‘stup
602 841 645 907 in'
678 849 753 908 dixit
784 848 824 908 ed
855 848 1078 925 exprimendam

60 957 131 998 eam
162 954 252 1011 quam
285 935 374 995 Thilo
406 936 436 994 h.
467 937 488 994 l.
522 937 647 1013 agnouit
683 937 837 997 notionem
869 934 920 1011 [cf.
951 937 967 995 I
1000 938 1078 1013 2623

61 1025 109 1084 IV
134 1027 214 1100 7123
241 1024 270 1080 V
301 1022 395 1100 375];
429 1018 563 1100 ‘stupere
596 1019 722 1101 aliquid'
753 1025 831 1084 nihil
861 1025 922 1086 nisi
950 1018 1078 1087 ‘musti'

63 1112 224 1189 significat.
280 1112 352 1187 quid
384 1117 487 1171 autem
517 1117 582 1172 tam
613 1114 713 1173 dirum
748 1113 802 1173 illa
837 1115 924 1174 nauis
960 1114 1080 1190 pictura

61 1201 172 1262 habuit
197 1203 232 1260 ut
260 1201 304 1260 eis
327 1201 483 1260 adtonitus
506 1202 684 1262 redderetur
710 1202 820 1262 Iason?
846 1203 950 1279 itaque
976 1203 1078 1262 nullus

61 1289 172 1349 dubito
204 1289 286 1365 quim
308 1288 426 1349 librarii
453 1289 577 1350 offucias
607 1291 736 1351 fecerint
767 1293 883 1366 poetae.
935 1292 987 1366 qui
1018 1309 1080 1350 non

61 1377 165 1455 potuit
177 1377 237 1438 nisi
259 1378 333 1438 haee
355 1377 419 1437 fere
442 1378 587 1438 scribere:
609 1379 745 1455 picturas
764 1379 833 1439 illas
852 1379 924 1438 licet
942 1379 1079 1454 pulcher·

63 1467 158 1526 rimas
181 1466 261 1525 nihil
278 1467 368 1541 plane
391 1484 513 1527 curasse
531 1466 671 1527 Iasonem
692 1470 799 1543 utpote
821 1467 902 1527 curis
924 1467 1079 1526 iactatum.

62 1555 223 1614 emendsui
254 1555 357 1631 itaque
386 1548 471 1613 ‘haee
497 1573 680 1630 quamquam
710 1554 848 1614 1111111111
877 1554 954 1612 nihil
976 1556 1080 1630 stupet

64 1644 185 1703 Aesone
207 1635 318 1704 natus'.

155 1732 216 1790 152
240 1749 313 1790 man
334 1730 514 1791 Sabellicus:
538 1725 639 1791 ‘nunc'
663 1730 699 1790 V.

155 1820 218 1878 156
242 1823 364 1879 1111111111
386 1820 504 1895 scripsi:
527 1821 644 1880 1111111111
665 1819 702 1878 V.

155 1909 218 1967 174
240 1925 419 1981 propassus
441 1909 603 1981 raptare
623 1910 730 1967 sirena
777 1901 836 1966 ‘sat
859 1908 953 1966 multo
968 1911 1079 1981 parato

64 2016 125 2072 eqs.
170 2013 230 2054 non
256 1998 359 2071 potest
382 1995 542 2055 absurdius
569 1996 645 2072 fingi
670 1996 724 2055 illo
753 1988 814 2055 ‘sat
840 1988 958 2054 multa'.
1002 2012 1074 2054 nam

64 2088 117 2144 aut
139 2102 201 2143 unc
222 2087 305 2144 certa
327 2103 376 2144 res
399 2087 454 2144 aut
475 2084 575 2143 omnic
601 2085 634 2143 in
655 2084 882 2160 erugationem
906 2082 1079 2144 necessaria

63 2176 99 2231 ut
130 2175 311 2247 pararentur
343 2173 444 2247 potuit
474 2172 579 2231 iubere
610 2171 750 2233 1111111111.
801 2176 832 2233 11
862 2174 899 2231 nt
929 2172 1078 2232 traditum

65 2253 185 2319 ‘multa'
212 2278 267 2336 per
300 2279 332 2320 se
354 2261 621 2337 languidissimum
642 2264 704 2337 est,
732 2262 776 2320 ita
803 2261 906 2321 addito
928 2261 983 2320 illo
1006 2253 1079 2320 ‘set'

67 2349 157 2424 plene
188 2348 224 2406 fit
258 2349 458 2410 intolerabile.
513 2367 581 2408 cum
618 2349 646 2407 V
681 2349 785 2409 tradat
822 2342 918 2427 ε11111,
955 2348 1078 2409 Valerio

64 2437 183 2496 reddidi
206 2429 357 2513 ‘uirumst
381 2430 434 2497 at'.
480 2437 587 2497 deinde
615 2457 671 2513 pro
695 2432 815 2498 ‘multa'
842 2438 873 2497 id
906 2437 986 2515 quod
1013 2456 1080 2498 sen·

63 2527 162 2585 tentia
183 2525 304 2601 flagitet
327 2518 457 2585 ‘cuncta'
479 2527 609 2601 reposui.

156 2614 218 2672 183
243 2616 364 2687 rapidos
387 2614 506 2689 scripsi:
529 2615 633 2674 modos
655 2615 683 2672 V
705 2615 815 2690 inepte.

157 2704 218 2762 199
244 2701 425 2762 1111111111
447 2702 594 2762 Harlesii:
618 2707 715 2762 tomen
742 2703 776 2762 V.

157 2792 220 2849 206
245 2792 369 2851 escendit
389 2790 546 2850 Heinsius:
570 2793 715 2851 aescendit
735 2791 772 2849 V.

156 2879 219 2937 213
252 2880 348 2938 sedem
379 2878 498 2954 scripsi:
535 2880 624 2952 lapsos
655 2879 683 2936 V
718 2879 812 2937 nimia
842 2878 1009 2951 breuitet03
1041 2877 1078 2935 cf.

155 3056 219 3115 223
243 3071 327 3128 quem
349 3057 458 3115 circum
479 3055 590 3114 uellera
606 3053 737 3114 Mortem
759 3053 889 3126 uspiam?
910 3050 1079 3110 rectissimo

65 3161 140 3202 usus
162 3142 273 3202 iudicio
296 3143 371 3202 haec
392 3144 425 3202 in
447 3142 650 3218 suspicionem
662 3140 784 3200 uocauit
806 3139 982 3217 Meynckins
1007 3134 1037 3212 [Ι
1050 3158 1079 3213 p.

66 3232 109 3290 33
133 3229 201 3307 sq.].
229 3232 314 3291 cuius
329 3234 509 3308 argumenta
530 3246 591 3289 non
613 3228 700 3289 credo
723 3228 788 3288 fore
810 3230 846 3287 ut
869 3228 936 3304 quis
949 3224 1079 3287 refellet.

65 3319 202 3379 eiusdem
224 3323 327 3379 temen
349 3320 552 3380 coniecturam
579 3318 650 3378 licet
672 3317 861 3394 ingeniosam
883 3309 975 3391 ‘quod
1000 3314 1081 3374 circa

64 3408 181 3467 uellere
204 3402 385 3468 monstrum'
413 3427 473 3468 non
499 3425 624 3483 possum
652 3406 781 3482 probare
807 3406 968 3481 propterea
991 3403 1079 3481 quod,

64 3513 135 3556 cum
156 3495 273 3556 Iasonis
296 3497 329 3555 111
342 3495 539 3572 11111111111111
562 3496 674 3554 uellere
696 3495 784 3554 labor
798 3495 879 3554 11111
892 3492 956 3552 fere
969 3493 1080 3568 nullus,

120 3602 289 3646 valelemus.
849 3592 868 3645 b
940 3640 947 3655 „
