2376 3938
95 201 159 266 110
436 197 466 254 (l.
484 195 624 253 thIlIll
640 192 771 251 ensem

92 348 220 431 pellibus
243 356 274 408 et
296 350 381 409 nexis
404 346 584 408 diuidentem
605 343 729 405 floribus
751 343 862 405 hastas

93 437 183 520 lama,
206 435 313 497 durem
335 436 417 497 louis
440 443 471 495 et
494 433 596 495 Cadmi
618 432 655 495 de
679 434 824 511 sanguine
847 431 1005 497 hacetum

92 527 148 588 hac
172 543 290 605 quoque
314 525 469 606 turiferos,
492 522 590 584 lelioia
611 520 880 606 regnaLSabaeos,

93 617 149 676 hao
171 613 282 675 Arabas
305 612 418 674 fudisse
441 629 544 693 manu3
567 629 635 671 mox
658 617 813 690 rumperet
834 609 933 672 Hebri

94 722 163 765 oum
185 702 274 784 uada,
297 701 497 781 Thyrsagetas
517 699 613 780 gelide
636 698 759 779 liquisse
782 698 841 760 sub
864 707 963 762 arcto.
1061 712 1102 763 ut

92 792 150 853 illis
173 792 270 851 omnis
293 788 389 850 adhuc
412 797 551 851 ueterum
569 797 661 871 ‘tenor
684 795 714 848 et
736 805 822 848 saoer
845 791 927 849 aeris

93 881 199 961 pulsus
223 887 253 939 et
276 896 347 938 eoae
370 879 563 939 memoratrix
585 876 659 937 tibia
680 894 806 956 pugnae.

92 971 189 1048 iungit
211 987 284 1047 opes
306 967 420 1027 Emoda
442 985 525 1048 suas3
548 984 602 1027 sua
624 967 709 1045 signa
732 966 830 1027 secuti

93 1055 251 1118 Exomatae
270 1055 441 1135 Torynique
465 1063 495 1116 et
517 1055 588 1115 llaui
611 1057 694 1115 crine
719 1053 893 1135 Satarchae3

93 1144 188 1207 mellis
211 1143 307 1203 honor
329 1143 470 1225 Torynis,
493 1143 588 1205 ditant
611 1160 665 1203 sua
687 1141 814 1203 mulotru
838 1141 1017 1228 Satarchen,
1061 1154 1103 1204 tlt

92 1232 249 1293 Exomatas
272 1238 399 1292 uenatus
423 1231 486 1313 alit,
510 1250 566 1292 neo
590 1231 697 1292 clarior
720 1230 789 1291 ullis
819 1254 822 1258 ⁴

92 1329 190 1381 arctos
214 1321 313 1399 equis3
335 1318 447 1380 abeunt
468 1319 605 1399 Hypanin
628 1319 824 1398 fragilemque
845 1338 913 1398 per-
926 1320 1041 1382 undam
1137 1388 1140 1393 ,

92 1408 209 1489 tigridis
233 1415 283 1468 aut
307 1425 413 1469 saeuae
436 1409 556 1488 prologi
578 1426 648 1469 oum
670 1408 754 1488 prole
778 1407 909 1490 leaenae,

92 1505 263 1579 maestaque
288 1504 443 1576 suspectae
467 1505 563 1558 mater
585 1504 686 1576 stupet
709 1515 816 1577 aggere
839 1498 934 1576 ripae.
1145 1564 1147 1569 ,

92 1587 200 1668 inpulit
223 1594 253 1647 et
276 1585 384 1647 dubios
406 1585 527 1647 Phrixei
549 1584 671 1646 uelloris
695 1586 783 1646 ardor
1061 1594 1106 1648 tto

94 1676 236 1737 Centoras
260 1682 291 1734 et
313 1673 394 1734 diros
418 1677 531 1754 magico
554 1683 671 1735 terrore
695 1672 846 1735 Choatras,

92 1763 230 1824 omnibus
253 1765 284 1823 ln
308 1781 433 1842 superos
457 1780 564 1824 saeuus
586 1762 696 1844 honor,
720 1761 858 1823 omnibus
882 1770 966 1824 artes

93 1853 305 1912 monstrificae:
328 1869 409 1912 nuno
432 1870 505 1912 uere
528 1869 608 1911 nouo
630 1868 813 1931 conpescere
836 1850 972 1935 hundos,

92 1959 172 2001 nunc
196 1940 324 2001 subitam
346 1939 471 2019 trepidis
493 1939 622 2000 Maeotin
646 1940 764 2001 soluere
787 1939 940 2019 plaustris.

91 2031 237 2091 maximus
260 2029 314 2089 hos
337 2032 417 2089 inter
441 2027 541 2108 Stygia
563 2031 647 2089 uenit
670 2037 734 2090 arte
758 2026 893 2109 Coastes3
1058 2038 1102 2089 tlt

93 2118 230 2179 sollicitat
252 2137 308 2178 nee
331 2117 433 2178 Martis
456 2135 551 2199 amor,
575 2117 628 2178 sed
651 2117 728 2177 lama
752 2116 875 2197 Cytaeae

91 2208 218 2286 uirginis
242 2213 271 2266 et
293 2205 415 2285 paribus
438 2209 555 2285 spirans
577 2205 679 2266 Medea
702 2207 835 2267 uenenis.

94 2293 203 2373 gaudet
224 2295 342 2357 Auerna
365 2295 464 2377 palus,
487 2293 596 2374 gaudet
618 2296 677 2354 iam
700 2302 787 2354 noote
812 2295 913 2372 quieta

92 2385 221 2462 portitor
244 2391 274 2442 et
297 2390 361 2443 tuto
385 2386 510 2444 ueniens
533 2382 656 2443 Latonia
680 2383 769 2443 caelo.

91 2467 175 2530 ibant
197 2480 229 2532 et
250 2473 376 2550 geminis
399 2480 561 2549 aequantes
584 2471 725 2533 cornibus
748 2471 807 2532 alas
1056 2480 1101 2531 itt

91 2556 229 2618 Balloniti
252 2560 452 2636 comitumque
477 2559 557 2620 celer
580 2568 711 2621 mutator
734 2576 881 2638 equorum

91 2644 210 2705 Moesus
234 2654 264 2706 et
286 2648 416 2725 ingentis
440 2647 572 2708 frenator
596 2648 729 2709 Sarmata
752 2649 840 2708 conti.

92 2752 148 2793 neo
172 2741 216 2794 tot
239 2732 275 2793 ab
299 2742 432 2794 extremo
456 2735 565 2797 lluetus
588 2740 648 2817 agit
671 2754 799 2816 aequore
824 2752 879 2796 neo
904 2736 949 2795 sio

83 2821 236 2883 'fratribus
259 2823 385 2884 aduersa
407 2824 517 2885 Boreas
540 2826 701 2906 respondet
724 2825 760 2886 ab
783 2823 863 2885 unda

90 2919 141 2972 aut
164 2914 189 2973 is
213 2911 291 2992 apud
305 2913 413 2973 fluuios
436 2913 595 2975 uolucrum
618 2932 717 2995 canor,
741 2913 862 2974 aethera
876 2920 1008 2990 quantus
1054 2920 1101 2974 itt

91 3008 163 3061 tuno
187 3001 295 3083 lituum
318 3011 482 3063 concentus
505 3005 564 3081 agit
586 3003 794 3081 lymphataque
817 3004 925 3062 miseet

90 3089 183 3171 milia,
208 3098 280 3170 quot
303 3091 394 3172 loliis,
417 3100 491 3171 quot
512 3091 636 3151 lloribus
659 3094 765 3171 incipit
788 3108 891 3151 annus.
993 3154 999 3161 ,

88 3180 152 3258 ipse
176 3182 250 3239 rotis
274 3182 465 3258 gentillotus
488 3198 557 3259 ager
580 3179 828 3259 tremibundaque
852 3178 942 3259 pulsu

90 3275 175 3327 nutat
196 3267 320 3348 humus,
343 3271 438 3346 quatit
460 3276 494 3328 ut
517 3286 608 3329 saeuo
631 3287 700 3329 cutm
723 3268 847 3331 iulmine
870 3267 1031 3347 Phlegram

88 3353 222 3433 luppiter
245 3355 340 3434 adque
363 3359 432 3417 imis
454 3357 596 3436 Typhona
620 3357 795 3418 reuerberat
818 3359 908 3418 aruis.
1056 3365 1104 3416 tlt

131 3441 231 3504 Prima
255 3453 359 3506 tenent
382 3443 462 3506 illino
485 3448 589 3526 patriis
612 3445 756 3525 Absyrtus
780 3449 812 3508 in
835 3448 926 3507 armis

77 3539 109 3595 et
131 3552 230 3618 gener
252 3526 459 3622 ingentesque
480 3538 561 3598 iuter
585 3552 643 3596 sua
659 3534 745 3593 milia
760 3551 860 3607 reqos.
