2376 3938
388 192 520 253 OBITUS
538 195 765 254 ALEXANDRI.
909 253 913 259 .
1016 198 1080 264 139

66 356 269 441 spectatione
282 355 478 441 pendebant,
491 359 606 443 ecquid
619 359 696 424 novi
710 359 838 425 consilii
851 361 922 447 regi
932 360 1079 429 sedisset

65 446 216 529 Namque
243 447 281 509 ut
304 463 452 527 egressus
481 450 531 511 est
558 446 674 513 habitu
695 447 901 533 famulantis,
927 451 1079 534 protinus
1097 459 1142 513 51.

64 534 288 600 Ptolomaeus:
312 530 447 618 ‘Cernq’
470 535 590 619 inquit,
613 533 801 622 ‘Antigone
823 537 909 603 hunc
932 536 1079 605 Candau-

65 624 146 688 lem:
168 624 198 687 is
218 619 385 688 candaces
402 623 534 707 reginae
553 627 604 689 est
620 623 717 709 filius,
740 624 797 691 sed
820 624 906 690 enim
924 627 1078 692 iniuriam

65 711 164 776 deflet
186 709 334 796 coniugis
357 713 471 794 raptae
493 733 552 796 per
572 712 781 778 insolentiam
804 714 892 800 regie
909 713 1104 799 Bebryciae
1165 779 1168 785 ,

64 800 178 865 Facies
200 799 301 884 igitur
324 799 551 885 obsequenter,
580 801 608 867 si
635 822 696 867 nos
723 801 861 869 consilio
888 803 980 868 iuves
1003 804 1079 869 sub·

64 889 221 972 imasque,
245 886 360 972 ecquid
381 909 468 952 nuno
489 888 577 955 facto
601 908 778 974 opus·esse
801 889 980 959 arbitrere?
1024 890 1077 957 Ad

63 978 145 1041 haec
168 975 366 1041 Alexander:
394 972 556 1061 ‘Dignum
578 981 611 1042 te
635 980 811 1060 samarit,
837 978 920 1061 rex,'
943 981 1003 1059 ait,
1032 979 1078 1045 ‘si

64 1068 191 1131 armato
220 1064 363 1129 exercitu
390 1064 541 1130 iniuriam
572 1068 727 1154 supplicis
756 1068 913 1135 ulciscare
941 1069 1078 1134 eximas·

63 1176 125 1238 que
149 1154 218 1218 eius
243 1153 401 1231 adfectus,
429 1154 519 1219 cuius
546 1155 651 1221 honor
677 1157 777 1221 matri
798 1156 969 1242 proficiat?
1014 1156 1117 1222 Hiero

62 1242 238 1328 compertis
257 1240 415 1307 Candauli
433 1243 596 1327 gaudium.
628 1243 691 1309 Sed
709 1244 917 1312 Ptolomaeus
936 1245 1077 1313 adhaec

62 1331 244 1416 respondit:
274 1328 406 1414 ‘Erga'
428 1331 549 1416 inquit,
573 1330 759 1419 ‘Antigona
782 1356 956 1418 exsequere
978 1334 1076 1418 istud,

62 1421 149 1505 quod
186 1418 366 1502 subiecisti,
406 1420 580 1485 consilium
616 1425 712 1505 atque
751 1423 927 1488 exercitum
967 1421 1075 1507 para’

62 1509 212 1573 ‘Faciam
245 1505 356 1591 sane,'
392 1509 562 1591 respondit
593 1508 788 1593 Alexandar3
822 1509 898 1575 ‘sed
931 1513 1019 1577 enim
1054 1515 1116 1571 XX.

61 1596 266 1662 commodum
296 1599 347 1660 eet
372 1595 454 1660 mihi
461 1648 470 1682 ‚
501 1619 573 1680 rex,
605 1597 646 1661 ed
674 1598 859 1683 consilium,
888 1599 975 1682 quod
1000 1599 1115 1664 sub-1⁶

60 1687 178 1767 iecere,
203 1685 323 1749 bellum
347 1685 434 1749 istud
458 1685 573 1749 inferri
594 1685 777 1769 Bebrycum
800 1687 870 1771 regi
893 1708 950 1751 seu
972 1707 1074 1772 regno

60 1796 130 1839 non
154 1773 205 1837 die
227 1777 325 1857 teste3
352 1794 456 1858 neque
480 1775 567 1838 enim
590 1774 719 1838 animus
741 1774 874 1840 barbari
895 1775 1075 1859 improvisa

60 1862 233 1928 formidine
265 1863 419 1926 incitatus
453 1863 493 1927 ab
525 1862 750 1928 interfectione
782 1866 896 1947 raptae
928 1863 1073 1929 mulieris

59 1951 268 2034 temperabit.
313 1948 388 2014 Erit
413 1972 490 2016 vero
518 1951 642 2015 frustra
668 1972 765 2036 opem
793 1951 932 2037 supplici
958 1972 1074 2035 procu-

60 2063 148 2124 rare,
178 2040 206 2104 si
234 2038 487 2103 emolumentum
516 2039 672 2104 victoriae
702 2040 874 2106 dilabatur.
923 2041 1012 2125 Ergo
1044 2040 1072 2105 si
1085 2057 1112 2098 ao

60 2130 178 2212 placet,
200 2148 265 2193 nox
284 2126 363 2191 belli
381 2131 510 2211 tempus
534 2131 567 2192 et
585 2133 797 2212 superventus
817 2128 975 2195 eiusmodi
998 2150 1073 2196 con·

60 2217 218 2281 firmetur.
263 2214 329 2280 Ubi
353 2216 439 2279 euim
462 2215 602 2281 flammis
625 2217 781 2283 immissis
804 2219 912 2283 noctis
934 2219 1072 2284 obscuro

59 2305 185 2370 turbari
210 2304 324 2369 civitas
344 2305 495 2388 coeperit,
519 2305 727 2388 adquiescent
749 2305 993 2372 condicionibus
1015 2329 1072 2372 no·

60 2393 138 2458 stris
168 2392 323 2458 facillime
355 2393 420 2457 iem
452 2394 620 2478 praeventi
655 2398 814 2480 raptaque
851 2395 948 2462 nobie
984 2394 1072 2461 haud

59 2482 191 2547 difficile
213 2481 522 2564 repraesentabunt?
1085 2498 1112 2541 2⁶

151 2568 209 2634 32.
242 2568 331 2635 Haec
359 2591 431 2635 cum
459 2570 595 2635 dixisset
618 2575 651 2636 et
672 2569 861 2656 Antigonus
888 2571 1072 2638 crederetur
1091 2576 1134 2630 52.

60 2682 80 2724 a
103 2658 259 2742 supplice,
282 2658 453 2742 procidens
473 2659 541 2723 eius
561 2659 601 2724 ad
624 2679 731 2743 genua
749 2658 930 2726 Candaules
954 2660 1072 2739 ‘Quam

59 2744 204 2831 vellem,'
234 2746 293 2830 ait,
323 2746 375 2810 ‘tu
404 2746 461 2811 ille
488 2746 673 2813 Alexander
699 2748 786 2814 fores
816 2771 888 2814 cum
915 2750 978 2814 bac
1004 2754 1071 2830 tua,

59 2834 236 2919 Antigone,
260 2835 433 2918 sapientiai
460 2857 526 2900 non
551 2837 637 2902 enim
661 2837 815 2922 armigeri
837 2860 953 2922 parum
975 2837 1071 2902 nobis

58 3132 155 3187 sistam
170 3132 205 3188 A.
225 3132 391 3186 existentem
406 3132 438 3187 P.
482 3132 586 3203 1regii
601 3133 637 3189 A.
674 3130 831 3186 tbabricis
844 3132 881 3186 A.
899 3130 1019 3187 bebricia
1035 3130 1069 3186 P.

59 3210 73 3258 'l
96 3220 165 3272 opus
185 3206 228 3258 est
245 3204 279 3259 P.
322 3209 356 3258 10
374 3202 491 3259 affectus
510 3205 543 3259 P.
569 3202 770 3258 adintcrfectus
788 3202 825 3258 A.
866 3207 899 3257 12
918 3216 1071 3270 exsequere

59 3274 135 3330 Mai.
159 3273 272 3341 exquire
291 3273 326 3329 A.
350 3274 450 3344 exequi
470 3275 505 3329 P.
553 3280 586 3329 15
606 3274 650 3328 est
667 3289 717 3330 orn.
736 3274 771 3330 P.
819 3277 852 3328 16
872 3273 1016 3328 bebricum
1034 3271 1070 3328 A

57 3344 174 3399 hebrico
197 3344 229 3400 P.
318 3349 350 3398 18
368 3344 563 3401 interlectione
586 3345 784 3414 Landprasc'as.
816 3342 968 3399 infectione
992 3343 1071 3400 A.P.

58 3420 91 3469 21
111 3429 168 3469 nox
184 3416 220 3469 A.
249 3433 315 3471 mox
334 3416 368 3470 P.
441 3419 476 3470 22
494 3415 658 3485 adquiescet
676 3414 711 3470 P.

113 3557 126 3610 t
149 3484 199 3613 δὲ
232 3493 266 3542 26
287 3487 447 3541 crederetur
465 3487 497 3541 P.
524 3487 747 3542 consideraretur
765 3485 800 3541 A.
873 3488 909 3540 28
928 3484 970 3539 ait
986 3484 1020 3539 tu
1037 3484 1071 3541 P.

58 3571 95 3609 an
126 3573 145 3610 u
