2362 3938
113 190 132 253 6
542 187 651 242 LIBER
669 187 688 243 Ι.

112 357 150 417 ut
178 352 428 436 praecursorem.
483 350 529 416 Et
565 350 592 415 is
625 349 727 415 intrat
764 349 804 414 ad
839 350 1001 415 feminum.
1058 349 1125 425 Quo

63 463 72 478 ·
113 441 183 506 viso
217 439 276 504 illa
306 461 383 505 mox
414 439 583 505 horridula
614 461 692 523 prae
724 443 814 504 metu
844 439 954 504 disicit
983 458 1126 522 quosque

113 533 313 614 praesentes,
336 533 409 614 ipsa
432 550 508 594 vero
528 527 704 593 secundum
722 528 882 592 monitum
903 528 959 592 dat
979 548 1051 591 sese
1070 528 1128 592 lec·

113 618 183 684 tulo
207 621 240 683 et
263 619 409 702 obnupta
427 617 518 683 vultu
539 617 607 681 solo
632 617 725 682 oculo
750 615 789 680 ad
810 619 1042 701 superventum
1062 615 1128 701 cpi-

88 707 185 773 11111
203 707 255 772 dei
273 707 398 772 curiose
416 705 591 772 intendebat
607 706 750 790 viditque
769 706 871 788 illum,
896 727 991 791 quem
1015 725 1128 770 somno

117 800 194 861 ante
217 798 436 880 praeceperat.
478 793 524 859 At
546 793 601 858 ille
620 798 748 879 sceptro
769 793 916 878 deposito
941 815 1130 859 conscenso·

116 907 179 970 que
201 885 320 950 lectulo
339 885 469 968 nuptias
494 884 563 969 agit
582 884 729 968 eximque
748 885 840 948 utero
862 883 930 948 eius
950 884 1130 966 superiecta

117 996 225 1057 manu,
248 971 391 1055 ‘Habea'
410 972 523 1056 inquit,
548 971 579 1037 ‘o
599 973 716 1036 mulier
740 993 779 1035 ex
797 971 892 1036 nobis
911 971 992 1036 haec
1011 972 1132 1036 invicta

118 1067 151 1126 11
177 1061 430 1144 insubiugabilia
455 1060 595 1125 foedera.
642 1059 767 1143 Quippe
796 1060 935 1145 gaudeto
964 1064 996 1124 11
1026 1061 1131 1144 gravi·

78 1169 103 1208 10
118 1151 192 1214 dam
221 1171 260 1213 ex
287 1149 371 1228 filio,
403 1171 466 1233 quo
495 1149 621 1214 vindice
650 1154 683 1213 et
710 1149 855 1213 universi
884 1149 972 1214 orbis
1002 1148 1131 1213 domino

118 1236 258 1302 laetare.2
309 1237 370 1302 His
398 1239 447 1302 ita
474 1237 569 1302 dictis
598 1241 791 1321 sceptroque
819 1241 951 1321 recepto
981 1237 1133 1302 conclave

118 1326 193 1391 exit.
232 1325 294 1390 Sed
317 1348 412 1391 mane
435 1328 501 1390 iam
520 1326 694 1391 luciscente
713 1327 830 1390 mulier
850 1327 988 1391 alacrior
1006 1326 1134 1390 laetitia

118 1419 156 1479 ut
186 1415 292 1499 potita
325 1415 376 1480 dei
408 1415 590 1481 cubiculum
619 1414 804 1480 Nectanabi
833 1416 999 1500 inrumpit.
1051 1414 1085 1479 Is
1116 1436 1132 1477 1

120 1526 234 1569 somno
266 1505 425 1569 excitatus
455 1509 493 1568 ut
522 1503 651 1570 nescius
681 1505 727 1568 rei
758 1526 889 1568 causam
921 1505 1047 1589 quaerit
1080 1502 1134 1568 ad·

79 1612 106 1652 15
120 1597 243 1658 ventus.
289 1593 372 1658 Tum
394 1594 451 1658 illa
475 1591 615 1678 ‘Facta'
639 1591 758 1678 111111,
787 1592 1026 1678 ε1111111111,
1053 1613 1134 1678 quae

120 1682 338 1767 promiseras?
369 1682 415 1747 Et
428 1683 484 1747 ille
500 1704 570 1748 sese
585 1683 724 1769 gaudere
739 1684 905 1768 professus
923 1686 980 1748 est.
1010 1682 1135 1746 Rursus

121 1773 238 1836 mulier
253 1769 417 1859 ‘Ergone'
432 1773 549 1858 inquit,
565 1773 661 1837 ‘ultra
676 1773 789 1837 adesse
805 1770 1014 1858 dignabitur?
1048 1769 1136 1834 Nam

122 1864 171 1925 est
194 1861 276 1926 mihi
299 1861 398 1927 etiam
422 1884 513 1927 amor
537 1861 578 1926 ad
600 1861 731 1946 nuptias
755 1863 847 1928 tales.
888 1861 926 1925 Id
949 1859 1036 1925 enim
1055 1858 1137 1924 mihi

122 1971 235 2015 sensus
261 1952 379 2017 coniux
402 1952 533 2034 coniugi
556 1951 652 2015 dedit.
697 1948 792 2014 Nunc
815 1955 925 2014 tamen
948 1952 1071 2031 metuo,
1100 1951 1138 2012 ut

82 2039 187 2103 111111
209 2039 429 2105 cessaverint?
468 2038 550 2102 Tum
570 2058 684 2122 magus
703 2036 857 2120 gaudens,
882 2036 967 2119 quod
992 2057 1139 2101 amorem

123 2125 173 2188 sui
196 2127 315 2191 mulier
337 2130 512 2191 testaretur
539 2125 574 2188 in
601 2125 663 2188 hoc
685 2125 798 2204 verbo,
827 2123 875 2186 ait
903 2122 943 2185 ad
971 2124 1137 2206 reginam:

123 2210 278 2276 ‘Huiusce
306 2212 357 2277 dei
386 2213 535 2278 minister
565 2232 625 2295 ego
657 2228 744 2290 sum,
776 2212 809 2272 11
838 2229 911 2274 oum
940 2208 1029 2273 voles
1058 2211 1139 2278 talis

122 2300 234 2363 mariti
257 2304 466 2383 conventum,
489 2303 647 2365 secretum
671 2317 798 2381 quoque
821 2300 953 2381 praesta
977 2297 1139 2367 sollemne

123 2386 267 2473 mihique
291 2387 399 2472 dicito,
422 2391 459 2468 ut
476 2388 670 2472 purgatione
695 2387 853 2452 sacricula
870 2409 1049 2472 procurem,
1073 2411 1139 2473 quo

84 2494 110 2537 aa
123 2475 164 2539 ad
191 2481 224 2540 11
252 2498 364 2541 111111
394 2474 564 2542 adveniat?
615 2475 699 2543 Tum
727 2497 805 2562 ergo
833 2477 890 2542 illa
918 2475 1140 2544 deversorium

125 2564 258 2628 solitum
281 2563 472 2631 Nectanabo
494 2567 660 2649 promittit
689 2571 722 2632 et
745 2567 853 2633 claves
876 2567 1016 2633 cubiculi
1040 2588 1139 2653 mago

124 2652 195 2717 dari
212 2653 316 2738 iubet3
336 2676 376 2718 ex
389 2677 453 2739 quo
468 2656 650 2739 promptior
664 2656 729 2722 illis
749 2661 820 2722 erat
837 2657 871 2722 in
885 2657 928 2740 id,
947 2655 1033 2742 quod
1051 2658 1140 2742 cupi-

125 2746 249 2826 verant,
272 2747 480 2828 commeatus‚
504 2744 563 2809 sub
588 2746 740 2829 opinione
763 2749 874 2811 tamen
890 2744 1061 2811 Ammonis
1079 2745 1140 2811 dei.

215 2829 277 2896 Sed
305 2832 371 2896 iam
396 2833 468 2898 alvo
497 2838 530 2898 et
557 2833 715 2899 lateribus
744 2834 1002 2901 excrescentibus
1027 2833 1141 2910 ‘Quid-

86 2940 112 2982 11
126 2918 223 3005 11111,’
246 2921 363 3006 inquit,
386 2920 418 2986 ‘o
437 2921 607 3005 propheta,
629 2923 711 2986 mihi
729 2923 795 3007 fiet,
819 2925 935 3010 quidve
953 2945 1039 2988 nunc
1058 2945 1140 3007 opus

126 3009 212 3076 facto
237 3013 299 3095 est,
327 3011 356 3075 si
384 3010 557 3075 adveniens
581 3009 752 3095 Philippus
777 3034 850 3077 curn
878 3013 943 3078 isto
971 3034 1019 3077 me
1044 3033 1140 3077 onere

218 3205 284 3259 lut
301 3203 408 3273 scripsi.
432 3206 460 3258 11
478 3209 505 3255 T.
538 3204 575 3257 Et
593 3203 637 3256 his
655 3208 683 3257 T.
727 3203 858 3257 adisicia
875 3205 982 3272 scripsi.
1011 3204 1094 3258 discit
1112 3210 1139 3256 T.

129 3278 145 3326 1
163 3272 329 3330 intendebat
347 3276 436 3344 Epic,
454 3292 504 3330 om.
524 3281 551 3329 T.
631 3279 664 3328 10
683 3271 807 3327 dominio
826 3280 852 3326 T.
935 3280 967 3327 11
988 3275 1093 3326 laetare
1112 3280 1140 3327 T.

127 3343 289 3400 laetabere?
340 3351 373 3399 13
392 3345 431 3418 Is]
451 3346 502 3400 His
521 3352 548 3400 T.
596 3351 631 3399 20
650 3342 832 3416 cessaverint]
851 3343 989 3397 celaverio
1008 3343 1049 3397 cei
1068 3343 1141 3396 cala-

127 3414 206 3469 verio
220 3418 328 3471 uidetur
341 3434 395 3472 esse
408 3419 440 3472 ia
453 3424 481 3472 T.
513 3422 548 3472 2⁷
567 3417 640 3472 Iade
654 3415 772 3470 acerbe
787 3413 828 3467 ‘in
843 3413 872 3466 id
887 3413 962 3480 quod
978 3413 1141 3480 cupiverant

128 3485 188 3538 etc’
208 3487 309 3556 incipit
326 3489 433 3554 folium,
452 3489 525 3558 quod
542 3493 601 3544 eret
619 3488 683 3543 oiim
701 3487 802 3541 codicis
818 3485 948 3539 Porisiai
964 3487 1049 3550 4880,
1066 3496 1141 3536 nunc

127 3559 265 3611 11111111
284 3559 375 3613 codice
395 3559 462 3615 Por.
483 3563 563 3616 5873.
637 3556 760 3614 30111111
779 3556 834 3612 Mr.
864 3571 908 3610 me
927 3560 954 3608 T.
963 3554 996 3607 P.
