2362 3938
357 151 651 209 ARGONAUTIOON
668 153 778 209 nmen
795 156 833 210 ΙΙ.Ι
1055 155 1099 221 33

79 312 111 364 et
134 303 204 382 luga
227 302 362 362 diuersas
385 303 496 363 misero
520 303 688 380 quaerenda
712 321 766 382 per
790 310 878 365 artes.

78 395 145 453 uisa
168 393 242 451 ratis
266 407 372 450 saeuae
396 389 511 450 delecta
536 390 687 451 laboribus
710 390 816 472 undae,
1045 405 1097 456 285

78 498 170 560 quam
193 478 312 539 Thetidi
334 478 496 556 longinqua
519 478 582 540 dies
607 478 776 558 Glaucoque
800 487 951 559 repostam

78 568 194 628 solibus
218 574 248 628 et
271 569 352 628 canis
375 566 481 627 urebat
503 567 573 627 luna
595 570 719 647 pruinis.

78 657 139 718 buc
162 657 330 735 genitorem
353 655 428 715 altae
451 673 506 733 per
529 673 620 734 opaca
644 656 760 716 silentia
783 658 880 716 noctis

78 747 275 825 praepritem
298 742 383 804 siluis
405 745 483 821 rapit
507 751 538 804 et
560 747 603 804 sic
626 752 739 805 maesta
761 745 910 823 profatur:

79 829 190 914 ‘quam
214 833 340 914 genitor,
363 835 497 912 patriam,
520 839 630 910 quanta
653 833 740 893 modo
764 833 874 912 linquis
897 834 994 894 inanis
1045 846 1097 897 200

78 921 159 1002 pube
179 917 295 981 domosl
318 939 372 1000 pro
396 920 459 980 dira
479 918 556 1000 lues,
579 938 634 998 pro
658 924 754 980 noctis
778 920 901 988 acerbae

79 1008 219 1070 exitiuml
242 1008 315 1068 talin
338 1027 461 1087 possum
484 1015 513 1067 te
537 1008 661 1069 credere
684 1012 786 1090 puppi,

79 1116 149 1159 care
172 1093 303 1176 parens?
325 1115 447 1175 possum
470 1099 560 1157 tantis
583 1099 714 1158 retinere
737 1095 880 1176 periclis?

80 1186 226 1246 soluimus
249 1184 308 1252 heu
332 1202 433 1245 serum
456 1185 530 1244 furti
553 1184 664 1246 scelus!
688 1186 785 1247 adnue
808 1189 897 1267 uotis,

80 1274 163 1354 diua,
187 1273 367 1352 soporiferas
390 1290 466 1352 quae
489 1291 569 1333 nunc
593 1274 686 1334 trahis
709 1293 838 1353 aequore
863 1275 953 1354 bigas,
1044 1287 1096 1338 295

79 1380 141 1422 non
163 1360 304 1441 populos,
328 1379 387 1420 non
411 1361 471 1422 dite
496 1360 604 1442 solum,
628 1381 688 1422 non
711 1363 770 1423 ulla
793 1366 910 1442 parenti

78 1468 172 1529 regna
195 1458 278 1530 peto;
301 1451 396 1528 patria
419 1449 507 1510 bceat
530 1450 676 1511 decedere
699 1458 788 1511 terra.
856 1493 860 1500 ·

79 1538 199 1618 quando
223 1557 277 1616 ego
302 1546 421 1599 seruato
444 1538 571 1600 mediam
594 1541 728 1618 genitore
752 1557 806 1618 per
830 1538 935 1602 urbem

79 1627 155 1688 laeta
180 1623 281 1687 lerar‘?
304 1625 421 1705 quando
444 1627 492 1687 hic
515 1627 651 1687 lacrimas
674 1627 870 1705 planctusque
894 1623 1038 1692 uidebo?'

80 1716 203 1776 dixerat.
248 1713 298 1774 ille
320 1714 426 1793 procul
450 1722 556 1775 trunca
579 1715 654 1794 lugit
677 1717 781 1776 anxius
805 1715 880 1794 alno,
1043 1729 1097 1778 300
1139 1727 1142 1731 '

80 1803 307 1881 Taurorumque
331 1803 413 1863 locos
437 1803 619 1882 delubraque
644 1822 731 1864 saeua
755 1803 878 1863 Dianae,

80 1892 210 1952 aduenit.
255 1891 305 1951 hio
328 1890 411 1951 illum
434 1893 527 1972 tristi,
550 1892 618 1971 dea,
641 1893 777 1970 praeficis
802 1909 868 1951 arae

80 1999 152 2040 ensc
176 1980 257 2059 dato;
281 1997 364 2040 mora
386 1997 442 2040 nec
465 1983 555 2049 terris
579 1980 633 2040 tibi
656 1980 743 2059 longa
766 1980 908 2040 cruentis.

80 2070 139 2128 iam
162 2086 269 2128 nemus
291 2067 429 2148 Egeriae,
452 2070 510 2128 iam
533 2075 562 2128 te
587 2070 646 2128 ciet
669 2069 745 2129 altus
769 2068 804 2128 ab
828 2067 900 2127 utha

80 2155 214 2236 luppiter
237 2163 268 2215 et
291 2155 346 2215 soli
369 2174 429 2216 non
452 2159 533 2217 mitis
557 2156 654 2216 Aricia
676 2159 748 2235 regi.
985 2233 989 2239 ,
1043 2167 1097 2219 000

123 2244 231 2304 Arcem
253 2252 322 2305 nata
343 2247 432 2324 petit,
456 2263 514 2322 quo
538 2247 596 2305 iam
619 2262 724 2305 manus
747 2243 867 2304 horrida
890 2253 1019 2305 matrum

80 2340 266 2412 congruerat.
312 2351 403 2392 rauco
427 2334 547 2394 lremitu
571 2333 675 2393 sedere
698 2340 856 2411 parentum

80 2428 278 2499 natorumque
301 2420 375 2480 locis
398 2438 571 2499 uacuasque
594 2423 626 2481 in
650 2421 807 2481 moenibus
830 2420 914 2482 urbis

80 2511 145 2569 iura
169 2516 294 2589 nouant3
318 2509 429 2569 donant
452 2508 525 2568 solio
550 2512 736 2588 sceptrisque
760 2512 892 2588 paternis

80 2605 113 2658 ut
136 2599 272 2659 meritam
296 2597 482 2676 redeuntque
505 2600 570 2676 piae
596 2615 649 2657 sua
671 2601 802 2676 praemia
825 2600 926 2659 menti.
1044 2611 1097 2660 310

35 2732 38 2737 .
122 2684 202 2745 Ecce
225 2684 330 2765 procul
353 2685 459 2745 ualidis
482 2684 615 2746 Lemnon
638 2687 789 2747 tendentia
812 2689 904 2747 remis

80 2791 160 2834 arma
183 2780 299 2852 notant3
322 2775 438 2853 rapitur
461 2773 559 2833 subito
583 2776 685 2852 regina
708 2774 838 2835 tumultu

79 2861 298 2939 conciliumque
323 2869 418 2922 uocat.
464 2880 524 2921 non
547 2862 604 2923 illis
628 2862 716 2923 obuia
739 2862 797 2923 tela

79 2950 159 3011 ferre
184 2967 240 3009 nec
263 2950 388 3010 infestos
407 2949 491 3010 derat
514 2951 598 3009 luror
621 2949 766 3029 inprobus
789 2953 883 3029 ignes,

78 3041 109 3098 ni
133 3036 259 3097 Veneris
282 3055 386 3098 saeuas
410 3039 548 3116 fregisset
571 3037 715 3097 Mulciber
739 3040 806 3097 iras.
1044 3047 1100 3097 315

78 3134 151 3186 tunc
175 3127 266 3185 etiam
288 3133 373 3185 uates
395 3125 516 3186 Phoebo
541 3125 647 3186 dilecta
670 3124 779 3203 Polyxo
886 3196 891 3206 Ι

79 3207 156 3295 (non
179 3215 318 3294 patriam,
341 3232 401 3273 non
425 3222 506 3274 certa
529 3232 637 3294 genus,
661 3213 713 3273 sed
736 3220 779 3292 te,
802 3213 888 3271 anxia
911 3211 993 3290 Ceto,

78 3301 248 3380 Proteaque
272 3300 442 3380 ambiguum
465 3302 581 3362 Phariis
604 3303 663 3362 lert
686 3319 789 3361 rumor
808 3299 844 3359 ab
868 3302 962 3359 antris

75 3388 137 3450 huc
162 3392 280 3450 nexisse
305 3409 389 3450 suam
412 3392 522 3451 iunctis
545 3409 636 3469 super
660 3407 788 3469 aequora
810 3383 943 3470 phocis);

76 3477 152 3538 haec
175 3479 244 3539 imis
266 3496 299 3538 se
323 3477 424 3539 condit
448 3481 534 3558 aquis
558 3486 754 3557 cunctataque
777 3476 899 3556 paulum
1043 3493 1098 3544 aso

131 3585 306 3629 Vahl'hoouo.
868 3585 885 3633 3
