2362 3938
330 185 445 240 PRIMA
463 185 667 242 RESPONSIO
687 186 844 246 DINDIMI.
1030 189 1095 255 175

79 348 200 412 functis
223 369 282 411 nec
302 348 336 412 in
355 349 527 432 gemmatis
546 349 635 412 urnis
659 348 773 412 funera
797 351 967 414 combusta
986 374 1095 417 recon-

79 438 194 502 dimus.
233 436 327 512 Quod
349 458 415 501 non
437 437 554 501 honori
577 437 686 519 potius
705 437 860 520 duxerim,
884 439 939 503 sed
962 462 1094 522 poenae.

80 525 164 601 Quid
188 524 275 589 enim
298 525 513 589 miserabilius
537 525 589 589 his
614 525 756 605 ossibus,
784 547 865 609 quae
888 548 929 607 ne
952 530 1094 612 genitrix

78 619 169 679 terra
192 613 432 696 complectenda
454 614 590 696 recipiat
612 615 881 679 concremantur?

170 699 232 766 Sed
250 701 330 766 haec
349 706 459 767 vestra
477 705 553 766 sunt
571 706 769 786 argumenta.
802 701 829 767 Ο
849 703 992 788 divitiae·
1008 726 1119 788 quaes

78 812 138 855 nec
163 791 347 854 satietatem
370 791 554 855 viventibus
582 791 788 856 concessistis
816 795 850 856 ct
877 793 1014 856 mortuis
1044 815 1093 858 su·

77 901 227 963 premam
251 879 395 963 requiem
415 879 602 943 sustulistis.
639 879 777 960 Inuenit,¹
800 883 838 944 ut
859 880 961 964 video,
985 885 1094 947 vester

78 968 170 1032 furor
198 969 232 1030 in
255 968 403 1032 homines
433 970 564 1051 etpost
586 966 670 1051 fata,
697 967 783 1052 quod
811 972 971 1052 torqueat.
1016 969 1092 1035 Non

77 1057 166 1120 enirn
185 1056 292 1120 sinitis
312 1056 437 1139 gremio
464 1078 522 1120 suo
545 1056 696 1120 tellurem
722 1058 845 1121 eineres
869 1057 988 1140 fovere,
1012 1081 1092 1143 quos

78 1144 194 1228 edidit,
222 1145 298 1208 dum
326 1144 479 1208 munifica
506 1143 613 1226 specie
636 1145 812 1210 ministerii
834 1146 1009 1212 iucundam
1032 1147 1091 1211 mi·
1107 1169 1135 1209 ro

79 1234 160 1296 seris
192 1233 317 1315 eripitis
348 1234 556 1315 sepulturam.
602 1232 740 1298 Discant
769 1234 933 1318 homines,
964 1237 1094 1320 qualem

78 1320 335 1385 vicissitudinem
360 1322 560 1385 amatoribus
580 1322 740 1387 exhibetis
759 1322 887 1390 vestris.
925 1323 993 1389 Vos
1013 1324 1093 1390 estis

78 1409 240 1474 malorum
269 1410 415 1474 omnium
443 1431 541 1474 eausa
567 1410 770 1477 mortalibus.
821 1411 889 1476 Vos
918 1411 1032 1477 Asiam
1061 1417 1094 1478 et

78 1498 218 1581 Libyam
237 1498 389 1562 brevibus
409 1498 557 1562 concludi
576 1499 696 1563 finibus
716 1500 897 1564 affirmatis.
927 1501 995 1566 Vos
1015 1501 1094 1565 solis

79 1590 223 1650 meatum
254 1585 415 1668 trepidare
445 1585 570 1671 facitis,
603 1587 679 1650 dum
712 1609 823 1651 cursus
854 1588 904 1651 eui
933 1589 1090 1652 terminos
1105 1609 1132 1650 rs

80 1675 178 1739 armis
204 1674 356 1759 disquirit
378 1673 572 1741 Alexander.
618 1674 693 1739 Vos·
710 1675 900 1740 Tartareum
928 1676 1094 1741 custodem

80 1764 181 1845 sopiri
211 1784 306 1845 posse
335 1764 441 1845 pretio
472 1764 690 1848 suggessistis.
736 1761 805 1828 Vos
839 1765 949 1829 omnia
980 1786 1094 1830 consu-

80 1854 207 1916 mentes
231 1851 357 1915 vultum
381 1873 508 1936 semper
531 1852 673 1915 ieiunum
698 1851 821 1935 geritis.
859 1851 927 1916 Vos
950 1852 1021 1935 pias
1040 1876 1094 1937 pa·

80 1947 167 2004 trum
191 1939 319 2004 dextras
338 1944 489 2004 natorum
508 1939 629 2026 iugulis
650 1940 843 2004 scelerastis.
880 1940 949 2006 Vos
973 1943 1006 2005 in
1025 1963 1092 2006 ma-

79 2033 209 2092 ternum
233 2029 438 2093 concubitum
461 2029 659 2093 verecundos
683 2029 816 2094 iuvenes
839 2029 911 2112 ipso
934 2027 1092 2112 Cupidine
1106 2051 1145 2091 ao·

82 2121 232 2199 stupente
256 2117 402 2181 duxistis.
437 2115 507 2182 Vos
530 2119 566 2181 in
586 2117 770 2199 superbiam
789 2137 883 2200 reges
902 2118 1093 2184 mitissimos

80 2205 252 2289 incitastis,
272 2205 388 2287 quibus
408 2227 481 2269 cum
499 2209 660 2271 terrarum
679 2205 785 2289 spatia
799 2205 931 2270 minime
946 2207 1093 2273 sufficere

82 2294 234 2376 suadetis,
252 2294 319 2376 poli
338 2315 490 2377 quaerere
509 2295 599 2358 sedes
616 2294 804 2361 hortamini.
830 2294 922 2359 Licet
939 2317 998 2360 nec
1017 2297 1094 2361 deos

81 2386 208 2447 vestros
233 2383 338 2446 morbi
359 2382 547 2447 dimiseritis
571 2387 725 2448 exsortes.
761 2382 847 2448 Nam
871 2386 905 2448 et
924 2406 983 2468 per
1006 2385 1094 2468 ipsos

80 2471 221 2535 nefanda
249 2470 463 2535 committitis.
509 2471 621 2536 Testes
651 2476 727 2536 sunt
752 2471 877 2556 Iupiter
904 2476 937 2536 et
964 2473 1093 2538 Proser·
1107 2494 1135 2535 aa

81 2560 168 2643 pina,
191 2559 246 2624 ille
267 2559 350 2641 quod
369 2559 520 2642 pudicam
544 2560 711 2624 mulierem
733 2559 851 2625 fefellit
874 2565 1014 2646 auratus,
1037 2563 1095 2626 illa

83 2648 169 2731 quod
192 2648 301 2712 vivum
325 2668 442 2732 corpus
466 2647 501 2711 in
524 2649 696 2713 Tartarum
719 2670 785 2713 non
810 2649 905 2714 aliter
927 2651 991 2714 nisi
1015 2672 1093 2716 auro

171 2917 184 2964 1
205 2908 383 2964 recondimus
402 2909 439 2965 R.
465 2910 646 2964 convehimus
664 2911 700 2965 B.
727 2927 777 2965 om.
796 2910 831 2966 L.
839 2911 872 2966 P.
880 2911 911 2965 V.
958 2916 973 2962 2
993 2910 1093 2964 honori

81 2980 195 3037 L.V.R.
223 2980 336 3035 honoris
357 2981 433 3035 P.B.
462 2981 586 3034 duxerim
606 2983 641 3035 R.
667 2980 783 3035 dixerim
803 2986 850 3035 oct.
905 2980 987 3050 tna]
1007 2981 1039 3033 ut
1056 2981 1092 3033 R.

80 3051 173 3106 necV.
212 3050 427 3106 aeonae<
465 3051 561 3106 8fata
574 3052 651 3107 RB.
670 3050 869 3106 factaL.V.R
899 3050 973 3119 quod
992 3065 1042 3103 om.
1057 3050 1092 3104 L.

84 3128 115 3176 12
132 3122 306 3177 amatoribus
318 3122 390 3176 V.R.
411 3122 553 3177 amoribus
563 3127 609 3176 oct.
639 3120 795 3175 exhibeatis
805 3121 841 3174 B.
879 3127 912 3174 13
927 3120 1093 3174 mortalibus

84 3193 155 3248 V.B.
175 3193 339 3247 mortalium
353 3200 400 3248 cet.
438 3198 472 3248 14
490 3191 632 3262 brevibus]
648 3190 773 3262 angustis
786 3191 817 3246 V.
856 3196 888 3243 15
908 3190 962 3260 sui]
983 3188 1041 3243 eius
1055 3189 1093 3243 R.

83 3269 115 3318 19
134 3265 232 3333 iugulo
253 3263 288 3318 R.
380 3270 415 3318 20
433 3263 495 3334 ipso
514 3263 591 3318 LR.
624 3263 686 3331 ipsa
704 3268 750 3317 cet.
841 3267 874 3316 21
895 3261 1039 3330 stupentes
1058 3261 1091 3340 L.

82 3341 114 3388 22
134 3335 239 3404 quibus
255 3337 417 3389 cunctarum
433 3334 527 3404 spatia
539 3336 676 3388 terrarum
690 3332 804 3387 minime
819 3331 945 3386 sufficere
960 3330 1092 3398 suadens,

81 3407 147 3473 quin
157 3407 246 3462 etiam
254 3404 314 3474 poli
325 3407 404 3460 seder
415 3405 609 3474 concupiscere
620 3404 797 3473 compellitis.
815 3403 894 3458 Licet
904 3402 934 3456 V.
967 3407 1001 3455 23
1012 3401 1093 3455 sedes
1146 3412 1148 3419 ·

81 3494 130 3533 om.
149 3478 185 3532 R.
243 3480 279 3530 24
299 3477 435 3548 exsortes]
455 3478 582 3545 expertes
602 3474 634 3528 V.
693 3480 728 3529 25
747 3474 932 3544 committitis]
954 3471 1095 3529 commisi-

83 3549 131 3604 stis
150 3551 186 3604 B.
217 3545 361 3603 comitatis
380 3547 414 3602 P.
489 3552 522 3601 26
542 3545 666 3614 auratus]
686 3546 791 3600 auratis
810 3544 940 3600 cornibus
959 3543 991 3602 V.
