2362 3938
89 188 154 252 104
512 193 621 248 LIBER
638 194 672 248 ll.

177 349 236 420 32.
259 353 396 439 Iamque
411 357 570 422 exereitus
583 356 797 422 Macedonum
814 379 926 424 rursus
941 357 1100 446 Strangae
1116 369 1152 423 35.

86 441 258 506 memorati
286 443 408 509 fluente
434 447 663 511 transmiserat
689 449 723 510 et
746 446 929 512 Alexander
951 450 1101 532 protinus

84 531 315 613 superveniens
341 534 480 618 regiam,
504 535 539 598 in
567 556 631 618 qua
658 535 825 600 obversari
848 534 986 601 Darium
1015 559 1100 603 com·

86 624 229 702 parerat,
256 623 374 687 cursim
402 623 561 706 inrumpit
590 644 727 706 cumque
754 645 865 689 recens
893 625 1102 690 vulneratum

61 711 187 794 eatque
206 709 309 778 adhuc
328 711 505 795 spirantem
525 711 686 775 miscriter
705 712 848 779 offendit.
887 710 950 778 Sed
974 714 1008 778 id
1027 714 1102 780 Ale·

88 798 212 866 xandro
241 802 327 865 ultra
350 800 519 883 opiniones
548 800 694 865 omnium
722 801 830 866 flebile
858 806 891 867 et
915 802 1102 868 luctuosum

89 885 262 954 admodum
289 889 362 955 fuit.
410 887 533 954 Videns
562 889 647 953 enim
676 890 870 975 participem
899 891 990 956 illius
1020 892 1103 976 regii

87 978 231 1043 nominis
259 999 296 1043 ec
324 977 505 1043 maiestatis
533 978 614 1044 adeo
643 979 759 1043 misere
782 979 914 1045 vivendi
936 980 1103 1046 clausulae

87 1066 315 1151 reluctantem,
342 1067 423 1133 flens
451 1066 638 1151 eiulansque
666 1066 786 1132 iacenti
813 1066 939 1133 homini
966 1069 1104 1134 circum·

49 1170 75 1212 10
88 1152 248 1239 funditur,
276 1176 412 1239 eumque
439 1154 717 1239 amplexabundus
747 1160 780 1221 et
807 1159 983 1241 contegens
1012 1159 1104 1242 regia

88 1239 259 1327 chlamyde
292 1244 326 1308 in
354 1243 435 1309 haee
462 1246 563 1310 verba
591 1245 727 1310 solatur:
756 1243 871 1330 ‘Erige
898 1249 946 1330 te,
974 1268 1105 1331 quaeso,

87 1328 201 1415 Darie,
224 1354 284 1397 nec
307 1332 451 1399 deseras:
476 1333 504 1397 si
528 1333 603 1417 quid
628 1333 714 1398 enim
739 1355 778 1398 ex
801 1335 910 1398 animo
935 1338 994 1418 est,
1018 1336 1105 1419 quod

87 1419 235 1505 iusseris,
262 1425 370 1486 ratum
399 1421 520 1487 habeto
548 1442 650 1506 regna
678 1425 711 1486 te
738 1425 796 1486 tua
823 1426 1030 1506 recepturum
1057 1423 1105 1488 fu-

89 1513 262 1595 turumque
283 1532 395 1575 rursus
419 1510 522 1594 illum,
545 1511 600 1593 qui
622 1509 743 1575 fueris?

49 1617 76 1657 rs
181 1596 239 1667 33.
277 1596 338 1663 Sed
362 1599 402 1663 ad
430 1599 511 1664 hace
538 1599 657 1663 Darius
687 1599 846 1684 exsangui
873 1599 939 1664 iem
968 1622 1104 1684 corpore
1124 1613 1168 1665 36.

90 1709 164 1752 cum
187 1710 265 1754 voce
288 1687 388 1752 etiam
412 1688 452 1752 ad
475 1688 617 1773 primum
636 1688 796 1772 impetum
816 1688 1014 1773 deficeretur,
1038 1713 1105 1755 ma-

87 1797 149 1841 nus
174 1776 334 1860 supplices
357 1776 494 1841 tendens
523 1776 772 1863 adtrectansque
796 1798 903 1863 genua
926 1778 1107 1843 Alexandri

90 1863 277 1930 adsistentis
302 1869 335 1929 et
353 1865 597 1951 circumplexus,
617 1869 655 1930 ut
672 1870 810 1951 poterat,
832 1866 964 1931 tandem
982 1869 1107 1932 talibus

90 1953 246 2039 loquitur:
275 1952 384 2019 ‘Licet
413 1955 494 2020 mihi
516 1955 596 2039 iam,
619 1954 801 2021 Alexander
828 1955 1105 2038 victoriosissime,

48 2060 75 2101 2⁰
89 2043 124 2108 in
146 2042 208 2108 hac
231 2042 411 2109 constituto
430 2043 563 2109 fortuna
580 2044 747 2109 liberalius
771 2043 903 2129 aliquid,
928 2067 1025 2128 quam
1049 2049 1105 2129 qui

89 2131 207 2196 victuri
240 2135 331 2214 sunt,
363 2133 453 2218 loqui
489 2133 584 2216 idque
617 2154 637 2197 a
668 2153 720 2196 me
751 2131 891 2197 amicum
923 2133 1000 2212 tibi,
1036 2153 1105 2194 non

87 2218 251 2284 hosticum
280 2225 385 2305 putes.
435 2219 527 2286 Inter
553 2221 633 2285 haec
660 2220 759 2284 verbe
787 2220 907 2284 blanda
935 2220 1103 2299 disceptes.

89 2305 276 2392 Numquam
295 2310 399 2395 igitur
420 2312 454 2374 te
476 2309 559 2394 regii
577 2307 718 2372 nominis
741 2307 837 2372 decus
860 2307 970 2389 tollat,
992 2325 1050 2368 nec
1074 2305 1102 2368 si

89 2395 167 2480 quid
200 2397 351 2461 blandius
387 2396 521 2461 fortuna
556 2395 758 2480 promiserit,
793 2394 913 2460 idcirco
950 2397 983 2458 tc
1020 2393 1103 2456 coeli

49 2489 274 2570 incompotem
315 2484 483 2550 arbitrare.
544 2482 718 2549 Enimvero
760 2483 939 2549 consultius
984 2482 1104 2546 futuris

91 2596 188 2659 quam
229 2573 455 2659 praesentibus
492 2573 650 2638 consules.
704 2571 798 2638 Nihil
834 2570 920 2636 enim
956 2570 1104 2653 interest,

91 2664 177 2748 quod
202 2663 366 2747 dispescat
387 2661 512 2745 regiam
535 2663 683 2726 nostram
710 2664 767 2726 aut
788 2660 975 2746 plebeculae
999 2658 1104 2744 digni-

90 2755 202 2818 tatem.
248 2751 301 2816 En
322 2750 384 2815 tibi
407 2750 462 2814 ille
485 2746 618 2833 Darius,
640 2750 743 2834 nosti,
766 2749 884 2834 quippe
909 2749 964 2833 qui
986 2747 1104 2813 fuerim

181 2998 229 3056 82.
262 2994 446 3053 tmcmorati
471 2994 557 3051 Mai’.
590 2994 759 3050 memoranti
782 2995 817 3052 P.
849 3012 867 3050 a
890 2995 985 3064 strage
1010 2994 1104 3048 adme·

92 3071 196 3128 moreti
218 3069 255 3126 A.
327 3067 505 3122 3obversari
528 3065 561 3121 Τ.
589 3064 733 3120 observari
755 3064 832 3122 A.P.
905 3065 1043 3134 4irrupit
1069 3066 1103 3120 P.

93 3150 109 3198 9
124 3139 336 3208 heulansqueA.
352 3137 573 3219 eiulanusqucP.
600 3135 706 3191 iacenti
714 3136 824 3192 homini
833 3136 1066 3192 circumfunditur
1072 3135 1103 3188 T.

91 3213 200 3269 recenti
207 3210 360 3267 homicidio
370 3207 549 3264 confunditur
555 3206 592 3263 A.
610 3206 715 3263 iacenti
723 3206 875 3264 homicidio
885 3205 1104 3262 confunditurP.

93 3290 127 3338 12
146 3282 209 3338 dari
228 3283 262 3340 P.
315 3287 347 3336 13
366 3279 471 3337 iuberis
485 3280 518 3334 P.
541 3277 646 3334 laberis
663 3276 695 3336 T.
718 3279 884 3347 futurusque
902 3294 1038 3346 cursuque
1056 3276 1107 3331 ille

112 3355 142 3409 ui
160 3352 247 3408 fueris
266 3354 300 3408 P.

92 3373 111 3425 q
183 3425 232 3481 33.
262 3430 295 3480 18
314 3425 447 3480 assistens
457 3423 490 3477 P.
527 3426 561 3476 20
580 3420 629 3489 qui
646 3419 751 3477 victuri
769 3421 834 3478 sunt
845 3419 916 3474 211².
937 3419 987 3487 qui
1001 3420 1106 3488 (euper-

92 3498 196 3567 ecripto
209 3499 293 3566 quae)
307 3496 424 3552 victoris
438 3496 504 3550 sunt
512 3492 547 3548 A.
585 3498 617 3547 21
638 3493 761 3562 quidque
772 3490 803 3547 T.
815 3535 818 3545 ,
840 3496 875 3545 24
894 3489 1060 3559 promiserat
1069 3490 1106 3545 A.

96 3569 254 3640 competem
273 3570 309 3622 A.
353 3573 387 3623 26
406 3583 491 3636 quam
510 3563 586 3620 P.A.
615 3565 700 3633 atque
720 3563 806 3620 Mai&
843 3568 876 3617 27
896 3561 945 3615 aut
963 3561 997 3617 P.
1020 3565 1053 3617 ut
1071 3562 1107 3615 A.
