2362 3938
131 195 173 260 36
474 191 503 246 c.
522 192 659 246 vanum
677 191 808 248 annom

128 345 317 423 praecipitat3
335 343 411 420 petit
433 342 546 421 ingenti
570 341 698 402 clamore
721 343 862 421 magister

129 449 211 492 arma
234 434 316 492 uiros
338 432 451 509 pariter
474 448 653 508 sparsosque
676 433 707 490 in
729 430 817 491 litore
840 449 949 491 remos.

174 520 317 581 Exoritur
341 537 439 579 nouus
462 518 537 580 urbe
561 518 646 578 dolor
667 519 866 598 planctusque
889 538 945 598 per
969 539 1077 585 omues

130 617 177 670 est
199 610 289 670 iacies
314 610 433 687 antiqua
456 608 568 668 domos.
615 607 672 667 sihi
695 609 811 668 moenia
834 607 929 687 linqui

129 716 169 758 en
191 701 368 779 iterum,·et
391 696 509 776 quando
533 704 671 757 natorum
694 705 842 778 tempora,
865 705 987 776 gentem
1100 711 1145 763 395

131 771 193 866 qui'
206 786 352 866 recolant,
375 786 427 864 qui
450 792 567 865 sceptra
590 781 716 865 gerant?
739 803 819 845 nunc
843 787 929 847 triste
954 788 1102 851 nefandae

130 877 228 936 noctis
252 869 343 956 opus,
365 873 450 934 uidui
473 892 553 934 nunc
576 873 625 934 illa
649 873 765 934 silentia
788 877 860 934 tecti

131 981 221 1025 saeua
243 966 350 1042 magis,
373 962 516 1023 thalamos
540 980 724 1041 excussaque
749 962 846 1023 uincla
869 963 949 1042 quod
973 983 1065 1028 ausae

130 1052 256 1113 Induere
280 1058 367 1130 atque
391 1054 502 1110 iterum
525 1051 599 1110 tales
622 1051 777 1111 admittere
802 1069 897 1112 curas.

128 1141 193 1218 ipsa
217 1157 335 1219 quoque
358 1137 517 1218 Hypsipyle
541 1139 656 1200 subitos
678 1159 734 1220 per
755 1140 843 1200 litora
867 1158 977 1201 cursus
1005 1201 1009 1208 ,
1098 1155 1146 1205 400

130 1234 165 1288 ut
187 1227 263 1288 uidit
285 1234 406 1306 totaque
430 1228 513 1286 uiros
537 1226 682 1288 decedere
705 1227 827 1310 Lemno,

130 1318 255 1394 ingemit
278 1322 308 1376 et
330 1315 383 1375 tali
406 1314 553 1395 conpellat
575 1314 680 1376 lasona
704 1324 826 1397 questu:

131 1398 239 1464 ‘iamne
262 1404 359 1483 placet
380 1405 477 1484 primo
501 1403 648 1466 deducere
672 1406 739 1466 uela
762 1424 877 1487 screno,

132 1495 230 1553 carius
253 1512 271 1552 o
294 1492 367 1554 mihi
389 1499 474 1572 patre
498 1489 608 1574 caput?
631 1495 719 1554 modo
743 1512 831 1555 saeua
855 1497 998 1572 quierunt

131 1599 269 1660 aequora.
316 1583 359 1642 sic
382 1590 488 1662 portus
511 1583 629 1661 fugeret
652 1585 737 1662 ratis,
761 1601 865 1663 aspera
889 1585 914 1645 si
938 1591 968 1644 te

22 1713 25 1717 -
130 1670 263 1731 Phasin
287 1672 430 1731 aduersae
453 1673 599 1732 tenuisset
622 1671 709 1732 litore
733 1671 871 1732 Thraces.

114 1759 202 1838 'ergo
225 1777 324 1819 moras
348 1759 429 1820 caelo
453 1777 634 1838 cursumque
658 1759 830 1821 tenentibus
853 1755 942 1820 undis
1011 1831 1014 1834 y

131 1843 323 1908 dehuimusi'
347 1848 420 1908 dixit
443 1847 613 1929 lacrimans,
636 1848 821 1926 haesuraque
845 1866 915 1909 caro

131 1936 208 1996 dona
231 1937 300 1998 duci
322 1938 433 2016 promit
456 1935 638 2016 chlamydem
660 1944 818 2015 textosque
841 1935 969 2007 labores.

129 2024 191 2086 illic
214 2027 326 2086 seruati
349 2026 493 2103 genitoris
516 2027 634 2084 conscia
658 2043 741 2085 sacra

129 2115 242 2192 pressit
266 2131 319 2174 acu
344 2131 511 2191 currusque
534 2115 613 2192 pios:
637 2120 717 2173 stant
740 2131 828 2173 saeua
850 2119 1014 2199 pauentum

129 2204 247 2279 agmina
268 2201 399 2280 dantque
421 2201 534 2281 locum3
554 2201 659 2262 uiridis
683 2206 798 2263 circum
819 2201 941 2261 horrida
964 2200 1023 2262 late

130 2287 205 2348 silua
227 2291 342 2370 tremit;
366 2289 471 2349 mediis
494 2290 605 2368 refugit
626 2297 711 2369 pater
735 2291 839 2350 anxius
862 2289 959 2351 undis.

101 2369 105 2376 ’
129 2383 234 2436 contra
257 2384 287 2437 et
310 2377 467 2437 frondosae
490 2384 603 2438 tractus
627 2386 814 2456 expresserat
835 2377 903 2438 ldae

129 2463 346 2543 inlustremque
370 2464 469 2543 lugam
490 2469 591 2546 pueri3
614 2485 683 2526 mox
706 2467 827 2528 aethere
851 2467 946 2527 laetus

131 2551 264 2613 adstabat
287 2554 412 2635 mensis,
435 2554 507 2631 quin
532 2561 561 2613 et
584 2553 663 2614 louis
688 2558 815 2635 armiger
837 2558 901 2634 ipse

130 2642 239 2721 accipit
262 2659 279 2700 a
300 2639 429 2720 Phrygio
452 2643 511 2700 iam
532 2642 639 2720 pocula
662 2642 768 2704 blanda
790 2645 943 2705 ministro.

129 2736 201 2789 tunc
226 2747 328 2789 ensem
350 2736 513 2808 notumque
537 2730 637 2791 lcrens
659 2733 775 2811 insigne
798 2732 940 2792 Thoantis

131 2812 255 2897 ‘accipe’
280 2821 329 2898 ait,
352 2812 448 2878 ‘bellis
471 2818 644 2899 mediaeque
663 2828 697 2881 ut
718 2821 844 2901 puluere
867 2837 983 2900 pugnae

129 2908 187 2968 sim
211 2924 323 2988 comes,
347 2906 469 2968 Aetnaei
492 2911 609 2987 genitor
629 2928 702 2989 quae
726 2909 860 2972 ssarnmea
883 2910 977 2988 gessit

9 3002 13 3009 '
129 2988 207 3056 dona
230 2995 291 3077 dei,
313 3014 394 3056 nunc
418 2996 505 3076 digna
528 3001 588 3059 tuis
611 2999 765 3079 adiungier
788 3000 886 3059 armis.

130 3085 154 3165 i,
177 3087 325 3145 memori
348 3093 459 3167 terrae,
484 3105 559 3164 quae
582 3106 637 3148 uos
661 3087 793 3167 amplexa
817 3088 918 3167 quieto

130 3174 329 3253 primasium
353 3174 434 3233 reler
458 3181 487 3233 et
510 3174 628 3237 domitis
652 3194 668 3235 a
692 3173 847 3235 Colchidos
871 3176 932 3235 oris

130 3259 197 3319 uela
218 3279 274 3339 per
296 3262 376 3322 huno
399 3270 486 3323 utero
511 3282 600 3341 quem
622 3262 732 3340 linquis
754 3260 858 3321 lasona
881 3255 1007 3322 nostro’

130 3346 174 3404 sic
197 3349 238 3407 ait
260 3347 415 3410 Haemonii
436 3349 539 3410 labens
561 3354 593 3410 in
617 3348 690 3409 colla
712 3348 819 3416 mariti.

130 3449 185 3490 nec
208 3436 308 3496 minus
331 3435 449 3516 Orphea
471 3439 567 3499 tristis
589 3438 707 3499 ceruice
730 3441 849 3515 tuaque,

127 3518 269 3604 Aeacide,
293 3531 322 3584 et
345 3527 463 3602 gemino
486 3527 616 3585 coniunx
639 3541 656 3583 a
679 3520 801 3582 Castore
824 3523 942 3601 pendet.
1048 3521 1055 3530 '
