2362 3938
95 173 158 238 152
285 128 292 140 ι
509 171 618 226 LIBER
636 173 683 228 111.

92 334 431 437 gymnosophistarum
461 335 560 400 etiam
588 357 645 419 per
678 335 884 400 clementiam
913 335 1108 422 laudatiora,

92 424 210 508 quippe
238 445 318 508 quos
348 423 480 489 siverim
509 444 605 509 agere
637 424 671 488 in
698 445 782 526 pace
816 445 853 488 ac
881 425 948 488 suis
978 425 1108 508 legibus

93 513 303 597 moribusque
327 512 524 579 donaverim
562 513 656 589 Quod
679 535 706 577 sr
698 513 817 578 vobis
840 513 926 577 haud
948 513 1108 598 displicet,

93 601 230 685 accipite
253 623 313 667 nos
332 602 396 666 isto
415 602 581 666 venientes
607 605 648 685 et,
671 602 756 685 quod
781 604 830 665 est
855 602 1020 666 amicitiae
1040 625 1108 668 mu·

65 711 163 776 snus,
183 690 244 755 diis
264 691 441 756 sacrificate
460 712 520 774 pro
539 690 634 755 nobis
653 691 729 769 iam,
752 691 871 774 quippe
890 690 985 755 vobis
1006 692 1110 756 aderi-

93 803 173 846 mus.
207 778 253 844 At
271 800 328 844 vos
347 779 445 843 velim
465 779 595 843 obviare
613 780 708 844 nobis
729 780 837 843 animo
853 782 1016 863 gratante,
1036 802 1109 845 cum

94 869 133 933 ad
154 869 330 933 amicitiam
350 867 438 931 iter
429 871 472 930 ist
458 866 524 949 t,ud
542 889 609 931 non
628 868 668 931 ad
681 867 860 951 periculum
881 867 925 931 sit
938 867 989 932 fut
991 868 1107 934 urum?

93 958 145 1021 Ad
168 957 249 1021 haec
272 955 455 1019 Amazones
478 956 689 1044 respondere:
1126 967 1166 1019 70.

183 1043 241 1109 45.
266 1042 339 1108 ‘Vel
357 1043 490 1106 fiduciae
514 1066 632 1108 munus
657 1048 707 1109 est
730 1045 780 1108 vel
799 1044 972 1127 libertatis,
996 1047 1108 1111 omnia

54 1155 80 1194 ιο
94 1133 165 1215 tibi,
179 1154 247 1283 treu,
267 1131 415 1214 scribere,
436 1153 518 1215 quae
532 1153 631 1234 penes
651 1154 710 1197 nos
730 1133 803 1214 sint,
822 1153 888 1198 nou
909 1095 995 1216 qudd
1010 1134 1107 1198 fidem

92 1220 177 1304 scrip
179 1220 222 1284 tis
246 1219 380 1302 deroget
407 1219 475 1282 ulla
504 1221 659 1304 suspicio,
688 1221 742 1286 sed
771 1225 808 1284 ut
830 1221 957 1304 plenius
981 1244 1108 1307 noscas,

92 1307 206 1409 ecquid
240 1306 346 1392 operis
374 1309 448 1390 pret
449 1307 473 1371 ii
508 1309 552 1373 sit
584 1309 654 1393 his,
690 1310 870 1394 quicunque
901 1309 979 1374 host
965 1311 1016 1374 tili
1047 1311 1109 1375 fer-

91 1417 167 1461 vore
195 1396 230 1459 in
258 1417 317 1461 nos
341 1396 475 1479 cupiant
497 1397 582 1461 milit
569 1402 647 1463 t.are
695 1396 874 1464 Commune
903 1399 1024 1482 quippe
1050 1399 1107 1462 hu·

93 1485 317 1550 manitatist
287 1484 428 1550 studium
452 1507 523 1550 esse
548 1487 790 1566 arbitramur,
781 1508 815 1550 m
839 1508 986 1571 quaeque
1009 1488 1109 1553 dubia

52 1594 78 1635 15
93 1597 227 1640 ausuros
245 1573 328 1639 nihil
346 1574 436 1658 prius
456 1597 552 1659 quam
573 1577 827 1641 emolumentum
846 1575 966 1639 laboris
987 1576 1109 1641 intueri

94 1668 251 1747 oportere.
305 1662 394 1729 Scito
425 1663 529 1750 igitur
559 1666 699 1750 primum
731 1665 836 1731 colere
865 1685 925 1728 nos
957 1664 1109 1730 interam-

92 1775 224 1836 nanum,
248 1753 447 1818 Amazonico
471 1753 602 1819 flumine
625 1756 732 1821 locum
756 1774 979 1836 omnemque
1004 1755 1109 1818 consi-

93 1842 217 1926 stimus,
240 1841 412 1922 ambiente,
436 1865 474 1909 eo
497 1843 611 1908 fluenti
631 1844 758 1909 circiter
777 1842 894 1926 spatio,
917 1845 954 1905 ut
976 1864 1043 1906 una
1067 1843 1109 1907 sit

93 1930 257 2014 aditicula,
280 1954 380 2015 eaque
402 1935 456 1997 vix
479 1930 602 2010 adcolis
625 1939 712 2018 nota,
735 1954 799 2016 qua
820 1934 946 2013 septum
965 1930 1109 1995 fluminis

53 2039 78 2078 ro
92 2021 144 2084 vel
167 2021 310 2102 inrumpi
335 2023 486 2103 oporteat
509 2022 560 2084 vel
584 2022 720 2105 emergi,
748 2022 878 2102 eiusque
908 2019 992 2082 alvei
1015 2024 1108 2083 tanta

94 2113 144 2170 est
158 2107 343 2188 difficultas,
362 2114 486 2193 quanta
505 2130 565 2171 nos
585 2131 604 2172 a
623 2109 790 2192 quibusvis
803 2106 954 2190 periculis
969 2110 1107 2174 tueatur.

93 2193 165 2258 Hoc
195 2195 296 2277 igitur
325 2197 456 2261 tantillo
487 2197 521 2260 in
550 2197 622 2260 loco
654 2196 791 2259 ducenta
821 2193 911 2256 milia
941 2195 1105 2274 virginum
1128 2207 1170 2259 71.

92 2281 233 2361 coimus,
256 2283 346 2346 nullo
370 2286 502 2349 omniuo
526 2284 607 2346 mari
628 2305 706 2347 sexu
725 2280 949 2362 interpolatae.
991 2280 1106 2344 Enim-

92 2389 168 2432 vero
198 2369 302 2433 sicubi
331 2371 426 2434 nobis
456 2372 497 2436 ad
524 2375 675 2436 naturam
700 2375 750 2433 est
773 2365 1017 2450 consulendum,
1048 2390 1105 2432 an-

50 2475 76 2517 as
89 2479 189 2520 nuum
213 2478 339 2520 sacrum
364 2461 422 2540 est,
449 2458 533 2543 quod
552 2457 776 2543 hippophonia
794 2452 986 2520 vocitamus.
1024 2456 1106 2522 Eius

92 2547 176 2609 sacri
194 2566 291 2609 causa
310 2544 351 2609 ad
369 2568 476 2612 mares
495 2551 636 2631 nostros,
657 2546 712 2631 qui
731 2544 818 2608 ultra
838 2565 966 2607 amnem
987 2547 1105 2610 extrin-

97 2655 186 2697 secus
209 2633 432 2717 perpalantur,
456 2658 568 2700 omnes
591 2635 692 2699 ferme
714 2632 891 2698 transimus
915 2639 1012 2719 atque
1036 2635 1105 2700 illio

184 2884 198 2932 1
218 2877 455 2934 laudatiorMai¹.
493 2884 508 2931 2
529 2894 613 2960 agere
629 2879 660 2932 in
674 2880 785 2959 paceP.
805 2896 887 2950 mage
907 2897 970 2934 cum
990 2896 1058 2950 paco
1070 2882 1104 2935 A.

91 2954 178 3005 4nos
197 2951 232 3004 A.
261 2965 312 3004 vos
332 2950 367 3003 P.
440 2949 556 3005 duobis
575 2951 610 3004 A.
640 2948 721 3005 vobis
742 2952 776 3005 P

180 3021 228 3076 45.
258 3025 292 3074 10
312 3022 437 3089 peneA.
518 3027 550 3075 12
570 3020 649 3089 operi
667 3022 703 3074 A.
778 3029 811 3077 15
831 3023 1050 3076 emolumentum
1070 3023 1104 3076 A.

92 3093 263 3147 emulantum
277 3092 311 3147 P.
352 3098 383 3146 17
402 3092 573 3148 Amazonico
590 3093 645 3147 Mr.
669 3109 687 3146 a
704 3093 956 3148 machoniooA.P.
996 3099 1028 3146 18
1047 3111 1105 3144 am-

91 3163 215 3219 bientem
238 3180 306 3218 corr.
332 3181 365 3218 ca
387 3163 529 3218 ambiente
553 3165 589 3217 A.
624 3162 772 3232 spatioque
795 3165 827 3217 ut
852 3166 884 3218 P.
918 3161 1008 3230 spatio
1032 3179 1105 3229 quae

90 3237 123 3288 ut
141 3235 176 3289 A.
223 3241 254 3290 19
274 3252 330 3303 qua
348 3235 383 3289 A.
411 3251 464 3303 que
484 3236 516 3290 P.
551 3236 661 3304 septum
679 3236 793 3302 scripsi;
815 3236 922 3302 septem
941 3233 976 3286 A
985 3233 1017 3285 P.
1047 3232 1105 3285 vim

90 3321 283 3390 (=V1)Kcil.
316 3322 438 3378 fluminis
457 3340 525 3378 corr.
545 3341 576 3376 aa
594 3323 759 3376 fluminaA.
815 3329 849 3375 20
868 3319 1054 3385 velinrumpi
1068 3321 1103 3372 A.

89 3391 212 3462 inrumpi
238 3395 271 3447 P.
352 3401 385 3449 23
409 3395 494 3449 maris
519 3395 598 3462 (corr
622 3411 655 3448 ec
678 3391 761 3457 meri)
785 3409 852 3445 sexu
875 3388 1044 3458 interpolato
1068 3391 1103 3441 A.

88 3463 174 3517 maris
199 3482 280 3517 sexus
303 3465 473 3534 interpolate
496 3466 528 3520 P.
611 3469 645 3518 25
665 3462 860 3533 hippophonia
879 3462 935 3517 Mr.
962 3459 1105 3528 ippofama

88 3536 124 3587 A.
132 3534 166 3587 P.
239 3540 273 3587 26
293 3535 367 3590 ultro
387 3537 421 3589 A.
495 3543 529 3589 27
548 3535 729 3604 perpelantur
747 3535 782 3589 A.
