2362 3938
111 128 157 192 40
547 117 658 176 amaa
675 120 697 178 1.

111 288 232 352 tarium
267 284 362 349 doum
400 284 573 349 adstiterat
603 282 756 368 puellaris
794 281 918 366 effigies
957 277 1126 365 spectabili

112 373 337 459 magnitudine
357 376 389 437 et
409 372 648 457 pulchritudine
668 370 860 435 veneranda.
892 367 1039 452 Cumque
1061 367 1126 431 eius
1142 378 1174 431 31.

112 462 283 548 religionis
301 462 437 526 numina
455 463 729 544 percunctaretur,
753 480 823 524 sese
842 457 972 543 quidem
997 456 1126 521 adcolae

113 553 233 618 certius
253 550 334 616 scire
352 550 543 631 renuebant,
566 549 729 632 accepisse
748 551 858 612 tamen
876 546 999 610 traditu
1019 544 1128 625 veteri,

86 641 203 706 clovis
232 661 270 705 ac
296 637 430 702 Iunonis
461 637 620 720 templum
650 636 730 701 illud
758 636 867 700 fuisse.
917 634 957 698 In
987 655 1026 698 eo
1056 632 1129 697 obe·

115 731 213 794 liscos
242 746 369 812 quoque
397 725 476 788 duos
504 724 594 788 videt
622 724 871 808 proceritudinis
902 723 1130 802 erectissimae,

117 819 172 902 qui
196 815 300 880 adhuc
324 811 540 877 Alexandriae
563 817 773 896 perseverant
797 814 832 877 in
857 811 990 896 Sarapis
1016 809 1131 894 templi

116 906 331 985 circumsepto
355 900 556 965 extrinsecus
581 900 785 983 adsistentes,
808 901 877 966 eius
899 900 1022 983 templi,
1046 897 1131 982 quod

117 997 207 1058 aetas
232 990 341 1054 iunior
364 989 541 1070 laboravit,
571 988 627 1053 sed
654 988 735 1052 haec
762 1011 854 1072 saxa,
882 1010 963 1073 quos
993 988 1131 1052 diximus

76 1106 103 1146 1o
118 1079 286 1160 obeliscos,
310 1076 395 1161 quod
419 1075 460 1139 ad
483 1097 561 1140 veru
585 1076 727 1140 ferreum
751 1077 822 1141 saxi
846 1077 1032 1142 sublimitas
1056 1097 1131 1158 qua-

116 1168 204 1244 dret,
233 1164 393 1249 insignita
421 1168 498 1228 sunt
526 1167 560 1227 et
586 1164 746 1249 inscripta
773 1164 919 1251 Aegypti
948 1167 1050 1230 sacris
1080 1164 1132 1228 lit-

115 1254 203 1318 teris.
256 1252 380 1317 Eorum
411 1273 542 1316 causam
573 1257 606 1317 et
636 1252 796 1336 originem
829 1277 902 1318 cum
935 1253 1133 1337 requisisset,

117 1340 346 1408 Sesonchosim
366 1360 476 1424 regem
496 1361 606 1403 eorum
627 1344 793 1405 auctorem
812 1364 883 1406 esse
897 1341 1060 1424 dicebant,
1080 1340 1133 1424 qui

116 1430 241 1515 potitus
261 1428 483 1492 universitatis
507 1427 540 1490 id
563 1450 621 1491 suo
641 1433 852 1498 monumento
876 1452 947 1494 esse
967 1430 1135 1510 voluisset,

77 1543 103 1583 15
118 1519 203 1602 quod
235 1516 296 1580 diis
326 1515 511 1600 religiosius
542 1522 797 1581 consecraverat.
848 1517 966 1583 Lectae
997 1519 1135 1602 denique

116 1627 176 1689 per
195 1607 406 1686 interpretem
424 1604 552 1668 litterae
571 1605 736 1669 continere
761 1610 838 1671 sunt
856 1606 1005 1689 proditae
1025 1607 1134 1670 huius-

117 1693 205 1756 modi
229 1693 384 1774 gratiam:
409 1690 491 1755 ‘Rex
510 1691 653 1776 Aegypti
672 1690 885 1759 Sesonchosis
910 1694 999 1759 orbis
1018 1699 1135 1778 potens

116 1778 260 1862 praesuli
284 1779 397 1843 mundi
420 1781 522 1845 totius
547 1780 606 1845 deo
632 1779 746 1864 Sarapi
771 1781 959 1847 consecrat?

207 1863 267 1932 31.
301 1866 380 1931 Adit
413 1889 490 1953 ergo
521 1866 705 1933 Alexander
736 1891 832 1953 prece
864 1871 1007 1934 maxima
1040 1871 1135 1955 depo
1153 1879 1181 1932 3»

76 1953 255 2036 nescitque,
284 1955 332 2018 uti
356 1954 384 2019 si
406 1955 472 2020 ista
494 1958 567 2019 rata
591 1959 677 2019 esset
698 1956 802 2039 fama,
831 1978 913 2039 quae
937 1958 1062 2040 scripta
1086 1959 1139 2042 sit,

116 2061 187 2104 sese
206 2062 327 2105 numen
345 2042 425 2106 illud
445 2042 557 2104 mundi
575 2042 678 2106 totius
697 2043 863 2106 dominum
886 2050 1140 2126 recognosceret

116 2130 149 2191 et
177 2126 265 2190 idem
295 2128 475 2192 evidentius
503 2128 678 2191 intimaret.
723 2128 815 2212 Ergo
844 2130 960 2211 quietis
984 2133 1139 2210 proximo

115 2221 262 2297 tempore
290 2213 395 2277 eidem
423 2215 501 2277 deus
525 2213 692 2277 confessus
720 2235 819 2295 snper
845 2215 939 2297 regni
969 2219 1139 2300 magnitu-

115 2301 190 2364 dine
222 2299 348 2383 pariter
379 2320 417 2362 ac
447 2300 618 2363 maiestate
651 2301 697 2363 sic
730 2300 776 2362 ait
784 2322 801 2364 s
826 2299 959 2366 ‘Nonne
968 2300 988 2386 ,⁹
1018 2305 1140 2392 inquit,

74 2415 101 2457 rs
116 2387 331 2470 ‘memineras
353 2384 548 2466 Alexander,
575 2385 813 2450 sacrificantem
836 2391 869 2451 te
894 2411 967 2455 oum
991 2394 1139 2475 primum

115 2477 189 2538 exta
220 2472 321 2536 sacris
351 2471 536 2555 inveheres,
566 2473 667 2536 totius
697 2473 812 2538 mundi
842 2477 972 2544 orbisve
1003 2481 1139 2549 domino

115 2563 229 2626 eadem
255 2563 289 2623 te
313 2558 490 2622 sacravisse
515 2560 649 2642 eiusque
673 2559 795 2625 auxilia
818 2566 1001 2647 petivisse?
1048 2571 1139 2646 Quae

203 2747 269 2801 Tet
286 2744 495 2815 pulchritudine
519 2760 570 2799 om.
590 2752 616 2800 T.
641 2748 688 2801 sed
711 2749 821 2819 aliquid
843 2761 1071 2828 capuamiptum.
1105 2781 1139 2817 eo

112 2815 324 2888 pulchritudine
343 2816 378 2869 A.
447 2815 586 2868 econius
604 2814 640 2869 A.
666 2821 773 2872 certum
792 2829 820 2876 T.
886 2831 955 2882 bac
974 2829 1091 2886 Iunonis
1111 2840 1138 2887 T.

113 2887 178 2944 acui
200 2886 236 2940 A.
347 2883 573 2939 eerectissimae
596 2885 632 2937 A.
661 2888 837 2947 rectissimae
861 2901 889 2949 T.
1001 2903 1140 2972 'ltempli

114 2956 301 3023 circumsepto
321 2960 349 3005 T.
371 2952 479 3021 templo
500 2953 706 3022 circumsepta
724 2960 760 3010 A.
804 2968 820 3015 9
839 2980 914 3031 saxa,
935 2985 1007 3033 quos
1027 2978 1054 3025 T.
1063 2975 1138 3028 Mai.

113 3027 240 3082 saxarios
259 3025 296 3078 A.
378 3027 411 3076 10
430 3023 551 3076 terreum
571 3022 629 3076 saxi
649 3030 677 3077 T.
701 3026 793 3082 ferreo
813 3033 890 3086 saxis
909 3037 945 3088 A.
1030 3045 1063 3093 11
1083 3044 1140 3097 Ae-

111 3096 206 3166 gyptii
234 3093 321 3150 sacris
350 3099 377 3148 T.
409 3091 560 3160 Aegyptiis
587 3108 620 3145 ao
635 3094 736 3171 ⁸stactis
766 3099 801 3152 A.
915 3109 948 3156 14
974 3106 1005 3157 id
1032 3127 1083 3164 suo
1111 3120 1138 3167 T.

112 3169 248 3287 (monqqn.
269 3165 322 3234 leps'
339 3179 396 3218 noa
410 3164 519 3232 potest).
543 3161 580 3215 ad
599 3177 642 3214 sul
661 3163 867 3221 monimentum
887 3174 922 3224 A.
963 3179 996 3227 1⁶
1017 3181 1095 3243 quod
1110 3189 1139 3237 Τ,

130 3250 180 3287 uos
229 3274 235 3286 .

110 3253 128 3302 q
200 3303 248 3356 31.
269 3308 304 3356 20
323 3317 377 3370 que
396 3299 558 3355 uti-esset
575 3300 652 3352 fama
671 3315 721 3354 om.
741 3307 768 3354 T.
806 3309 841 3356 aa
862 3308 892 3358 et
910 3307 988 3363 idem
1005 3315 1080 3372 Mai.
1109 3326 1140 3376 et

108 3369 202 3423 eidem
220 3372 256 3424 A.
284 3371 361 3425 idem
380 3378 407 3425 T.
522 3375 556 3424 Tc
575 3385 659 3437 super
676 3370 756 3438 regni
775 3375 883 3441 scripsi.
911 3393 941 3430 se
960 3383 1023 3450 regi
1043 3387 1080 3442 Α,
1109 3411 1139 3448 ⁸0

105 3440 186 3508 regia
204 3440 309 3493 Ebcrle.
383 3446 417 3494 27
438 3440 536 3494 eadem
555 3440 584 3493 te
603 3455 653 3493 om.
672 3439 707 3492 A.
