2362 3938
115 188 157 253 '12
457 173 793 240 c.vx'xun1rnxccx

116 345 146 396 et
169 352 281 396 uacuos
303 341 417 394 maesto
439 333 607 394 lustrarunt
628 330 740 393 lumine
763 338 890 392 montes.

115 433 145 484 at
168 431 251 484 satus
275 439 424 500 aequoreo
447 423 526 482 latur
544 429 617 481 tunc
640 419 710 482 talia
732 437 817 498 rege:

116 508 228 591 ‘aspice
252 519 282 571 et
306 528 340 571 ec
363 509 465 571 crudis
488 509 593 589 durata
616 506 768 568 uolumina
787 509 893 588 tergis3
916 552 919 557 »
1086 522 1138 572 tte

116 619 172 661 nec
196 607 266 679 peto
289 600 379 659 sortis
402 617 503 679 opem,
526 596 579 658 sed
602 615 677 675 quos
699 603 786 675 potes
808 595 899 657 indue
923 594 1067 659 caestus'

162 689 242 749 Dixit
264 695 295 748 ot
317 688 452 765 urgentis
473 705 528 765 per
551 703 618 746 sera
640 683 756 764 piacula
778 685 833 745 lati

117 779 237 837 nescius
261 783 427 836 extremum
449 774 506 834 hcc
529 776 620 834 armis
641 775 795 834 innectere
817 772 930 852 palmas

118 865 168 924 dat
191 864 322 943 famulis3
345 863 405 939 dat,
419 871 449 923 et
471 862 541 923 inde
564 861 671 923 Lacon.
717 861 784 921 odia
806 879 912 941 aspera
936 871 1067 942 surgunt

118 955 228 1032 ignotis
251 954 336 1031 prius
359 952 455 1030 adque
479 953 601 1012 incensa
622 956 722 1010 mente
746 949 886 1012 feruntur
1086 963 1135 1012 att

118 1044 149 1101 in
172 1039 304 1100 medium
327 1042 447 1118 sanguis
470 1038 550 1100 louis
574 1046 604 1100 et
626 1038 774 1118 Neptunia
796 1038 906 1117 proles.

117 1129 188 1190 binc
210 1127 292 1188 illinc
315 1126 414 1187 dtrbiis
436 1129 550 1187 intenta
572 1126 690 1187 silentia
712 1129 800 1187 uotis.

118 1225 149 1276 at
170 1223 255 1293 pater
278 1216 390 1274 orantis
414 1232 571 1275 caesorum
593 1213 737 1275 Tartarus
759 1214 881 1276 umbras

118 1302 198 1364 nubo
222 1320 295 1362 caua
318 1300 438 1361 tandem
461 1302 498 1361 ad
521 1304 646 1362 meritae
669 1303 839 1382 spectacula
860 1321 975 1382 poenae

120 1391 241 1471 emittit3
264 1391 373 1450 summi
395 1393 571 1470 nigrescunt
592 1390 722 1451 culmina
744 1393 863 1452 montis.

119 1482 260 1540 continuo
282 1478 412 1560 Bebryx,
434 1478 544 1553 Maleae
566 1480 651 1540 uolut
674 1497 742 1540 arce
766 1481 882 1557 lragcsa

119 1568 208 1630 turbo
231 1586 335 1650 rapax,
358 1570 411 1629 uix
433 1587 486 1630 ora
507 1570 621 1649 nixum,
638 1570 696 1628 uix
719 1566 823 1627 tollere
845 1585 953 1647 passus

118 1657 239 1718 brachia
262 1658 391 1718 torrenti
412 1675 557 1737 praeceps
579 1659 639 1735 agit
661 1655 794 1734 undique
817 1654 919 1716 nimbo

119 1745 258 1806 ctusibus
281 1745 452 1826 inucluenS‚
474 1753 596 1824 totaque
619 1745 746 1805 hamanis
769 1744 879 1805 harena

118 1835 296 1911 insequitur.
319 1833 393 1913 uigil
414 1834 463 1894 ille
487 1842 569 1895 metu
593 1852 663 1895 cum
684 1840 807 1911 pectore
831 1841 862 1892 et
883 1834 975 1894 aruris

118 1920 178 1982 huc
201 1920 334 1983 alternus
357 1929 387 1982 et
409 1922 482 2002 huc,
505 1940 624 2000 semper
647 1923 766 1982 ceruice
789 1920 921 2002 reducta,

120 2028 239 2090 semper
261 2017 292 2071 et
313 2013 345 2070 in
368 2009 468 2089 digitis
492 2019 523 2070 et
545 2013 653 2071 summi
675 2009 801 2089 puluere
825 2010 931 2090 campi,

117 2107 332 2178 protectusque
355 2097 441 2159 redit.
487 2100 637 2179 spumanti
660 2097 755 2178 qualis
777 2099 809 2159 iu
831 2096 890 2157 alto

118 2186 220 2249 Pliade
244 2194 328 2267 capta
350 2189 437 2268 ratis,
459 2187 569 2265 trepidi
592 2205 681 2266 quam
703 2187 766 2247 sola
787 2187 921 2264 magistri

120 2294 192 2336 cura
215 2282 311 2355 tenet,
334 2274 471 2336 rabidum
493 2278 593 2335 uentis
617 2274 801 2336 certantibus
824 2291 937 2352 aequor
1084 2287 1137 2335 aab

119 2366 294 2423 intemerata
317 2371 411 2424 secat:
455 2363 561 2424 Pollux
584 2365 626 2423 sic
649 2362 794 2442 prouidus
816 2365 894 2423 ictus

120 2458 221 2511 seruat
244 2458 275 2509 et
297 2449 417 2511 Oebalia
440 2450 565 2512 dubium
588 2460 676 2531 caput
700 2453 788 2531 eripit
811 2460 883 2512 arte.

112 2547 154 2598 *ut
176 2537 283 2597 deinde
306 2547 450 2615 urgentes
470 2537 573 2599 alludit
595 2538 726 2600 nubibus
749 2543 809 2600 iras

120 2624 315 2703 ardoremque
338 2627 411 2706 uiri,
433 2625 575 2704 paulatim
597 2627 754 2705 insurgere
777 2628 857 2687 fesso

118 2717 235 2793 integer
258 2720 289 2773 et
311 2715 434 2774 summIs
457 2713 594 2774 manibus
612 2713 754 2775 diducere
777 2723 903 2776 caestus

118 2802 168 2864 ille
187 2802 251 2863 dies
274 2820 379 2881 aegros
401 2802 503 2882 Amyci
525 2802 686 2864 sudoribus
709 2812 792 2865 artus

118 2894 235 2972 primus
258 2898 288 2952 et
310 2893 407 2952 arenti
429 2899 618 2953 cunctantem
640 2892 718 2954 uidit
739 2892 836 2954 hiatu:

119 2999 176 3042 nec
199 3000 253 3060 spa
275 2980 425 3042 defessum
448 2987 577 3041 noscunt
598 2981 663 3042 luca
684 3000 741 3041 nec
764 3000 818 3042 sua
840 2999 943 3062 regem
1038 2976 1041 2980 ’

118 3073 243 3148 agmina.
288 3072 437 3150 respirant
458 3069 544 3130 ambo
566 3070 747 3150 paulumque
770 3078 921 3150 reponunt

119 3156 252 3238 brachia3
276 3175 331 3218 ceu
354 3156 493 3238 Lapithas
515 3166 566 3219 aut
589 3159 721 3220 Paeonas
743 3176 872 3239 aequore
895 3161 927 3218 in
950 3160 1015 3236 ipsc
1081 3170 1137 3220 280

84 3240 85 3243 ’
119 3263 189 3305 cnm
212 3246 329 3306 reiuuet
350 3247 466 3325 fixaque
490 3246 557 3307 silet
576 3245 724 3307 Gradiuus
745 3247 777 3306 in
799 3246 891 3307 hasta.

118 3334 171 3391 nix
194 3341 352 3415 steterant,
375 3343 406 3394 et
427 3336 486 3394 iam
509 3352 578 3396 ecce
602 3342 695 3395 ruunt
717 3333 887 3410 inflictaque
909 3332 968 3393 late

119 3425 203 3496 terga
226 3429 346 3502 sonant3
365 3440 443 3483 noua
464 3424 512 3483 nis
534 3424 658 3501 iterum,
681 3438 759 3481 noua
781 3418 888 3479 robora
907 3429 1043 3498 surgunt.
1125 3414 1128 3420 ’

117 3504 199 3566 hunc
221 3507 332 3590 pudor,
355 3509 440 3572 bunc,
458 3517 529 3570 nuto
547 3510 698 3586 iamlspes
721 3505 877 3567 audentior
899 3505 984 3568 hoste
