2376 3938
407 187 522 246 AOTUS
540 188 762 247 sumnum.
1038 192 1081 260 75

66 351 252 437 resistente,
283 351 369 436 quod
398 351 488 418 hisce
517 352 601 417 vires
632 357 665 418 et
694 353 865 419 alimonias
894 355 1080 444 destinaret,

67 441 261 526 quibuscum
289 439 353 504 sibi
375 462 450 506 mox
472 441 557 506 foret
579 441 665 506 bello
694 446 728 507 et
754 443 886 526 proeliis
909 445 1080 511 decernen-

67 531 155 612 dum,
178 527 400 593 Alexandrum
421 529 627 612 respondisse
650 529 694 594 sit
716 531 838 614 palam:
864 529 940 616 ‘Ut'
963 535 1081 620 inquit,

67 617 272 684 ‘intrinsecus
296 637 351 682 eos
380 620 413 682 et
439 618 525 682 inter
553 638 588 683 se
610 618 811 685 decertantes
835 620 920 685 bello
943 622 1080 706 vincam,

66 729 128 772 nec
150 707 274 790 gloriae
297 727 386 771 meae
409 706 551 789 palmam
575 707 639 772 luis
662 706 726 772 sibi
748 710 805 772 aut
824 706 922 773 famis
944 711 1105 776 nominas

66 793 251 861 vindicent-‚⁹
298 793 343 858 Et
370 794 449 859 haec
477 795 606 880 quidem
633 794 681 860 ita
709 795 784 860 sint
828 794 941 862 Mirari
968 801 1080 864 tumen

66 906 126 950 vos
141 885 226 948 inter
244 881 324 947 haec
340 903 406 948 non
425 887 555 967 oportet
572 881 783 968 Stesagoram
797 885 993 969 magistratu
1008 908 1079 953 esse

65 973 240 1054 deiectum,
268 992 341 1035 cum
364 971 547 1056 indignatio
574 972 633 1036 illa
655 972 746 1038 vobis
769 973 968 1058 utilitatique
992 996 1079 1040 com·

65 1061 157 1126 muni
180 1059 339 1144 proficiat.
374 1057 461 1124 Nam
481 1061 509 1125 si
527 1058 739 1127 Atheniensis
758 1059 951 1146 Stesagoras
976 1064 1085 1148 aeque

67 1171 166 1234 quam
190 1148 338 1214 sacerdos
366 1147 423 1213 illa
445 1148 561 1233 templi
583 1150 739 1215 nostratis
762 1152 827 1234 est,
855 1172 953 1235 quam
975 1153 1078 1239 magi·
1091 1174 1119 1217 rc

66 1242 188 1303 stratus
216 1236 282 1301 ille·
302 1236 487 1319 privaverat
515 1238 709 1321 sacerdotio,
735 1259 844 1303 nonne
870 1241 1079 1323 praevenisse

65 1326 323 1411 indignationem
341 1328 483 1390 vestram
503 1329 536 1390 et
555 1325 732 1392 sententias
745 1327 872 1393 videtur
886 1327 1079 1414 Alexander,

66 1437 139 1479 cum
163 1415 256 1478 illam
279 1413 432 1477 iniuriam
458 1413 493 1478 in
522 1417 685 1480 auctorem
709 1415 855 1500 verterit,
884 1438 981 1501 quam
1005 1416 1078 1483 Sta·

65 1523 200 1588 sagenas
223 1502 343 1567 fecerat
366 1502 401 1566 in
424 1502 634 1589 sacerdotem,
658 1503 838 1587 omniaque,
862 1525 945 1588 quae
967 1505 1023 1570 ille
1043 1507 1079 1571 in

65 1592 295 1657 contumeliam
317 1594 463 1655 nostram
490 1590 616 1675 fecerit,
643 1592 775 1674 perinde
797 1592 886 1656 ultus
909 1593 966 1678 sit,
992 1596 1030 1657 ut
1057 1615 1078 1658 a
1091 1614 1118 1658 rc

64 1679 161 1744 nobis
184 1701 312 1764 quoque
335 1679 519 1743 ulciscenda
542 1700 612 1743 esse
634 1678 891 1765 praesumeretl'

157 1766 212 1833 13.
245 1767 283 1831 In
302 1767 391 1831 hisce
411 1767 510 1833 etiam
528 1788 615 1832 nunc
632 1766 863 1834 Demosthenis
882 1769 987 1835 oratio
1005 1790 1076 1836 ver·
1093 1785 1141 1843 Ν.

64 1857 201 1921 sabatur
223 1861 256 1920 et
280 1855 475 1928 adclamatio
498 1855 647 1939 protinus
672 1856 774 1921 nimia
795 1856 1075 1941 Amphictyonum
1093 1863 1152 1943 17·Ι

65 1948 136 2010 erat
163 1949 196 2010 et
222 1944 381 2009 tumultus
411 1944 619 2029 incongruus.
669 1945 718 2009 Ao
746 1944 881 2010 Demadi
909 1945 1076 2012 silentium

63 2034 251 2117 iubebatur,
287 2032 413 2097 laudari
445 2055 521 2099 vero
552 2054 786 2118 nonnunquam
818 2032 996 2099 Aeschines
1033 2033 1074 2100 ab
1088 2057 1116 2098 aa

65 2126 199 2206 optumo
218 2143 355 2206 quoque.
393 2119 456 2186 Sed
475 2122 562 2186 enim
581 2143 756 2187 consensus
773 2123 887 2206 populi
905 2122 1076 2189 universus

63 2211 113 2275 ire
134 2211 171 2275 in
194 2211 389 2275 sententiam
412 2208 649 2276 Demosthenis.
694 2208 776 2276 Oum
798 2211 901 2296 igitur
924 2212 1077 2277 obortum

64 2300 238 2383 strepitum
269 2298 298 2362 is
329 2301 439 2364 orator
468 2299 706 2383 aliquantulum
738 2299 999 2384 compressisset,
1030 2300 1077 2366 sic

63 2389 189 2473 reliqua
212 2386 397 2452 subnexuit:
420 2384 634 2472 ‘Patiamini’
657 2386 775 2473 iuquit,
800 2385 952 2472 ‘quassa
975 2387 1077 2455 Athe·

62 2477 192 2541 nienses
222 2475 298 2558 viri,
328 2479 365 2540 ut
392 2475 491 2540 etiam
518 2497 605 2541 nunc
635 2477 676 2541 ad
702 2477 774 2561 illa,
804 2498 886 2561 quae
914 2475 1075 2543 Demades
1089 2498 1116 2541 ss

64 2584 261 2649 magnopere
291 2564 431 2643 dixerat,
460 2565 683 2648 respondeam.
732 2565 791 2631 Ait
821 2564 907 2630 enim
935 2564 1078 2631 Xerxem

64 2653 167 2719 maria
191 2653 320 2737 quidem
342 2673 435 2717 muro
459 2653 617 2738 munisse,
645 2653 842 2737 profundum
864 2653 965 2720 etiam
987 2654 1077 2720 navi·

155 2845 264 2913 lquod
283 2845 319 2900 A.
328 2845 361 2901 P.
389 2860 459 2913 quos
477 2851 506 2899 Τ.
542 2845 619 2899 hisce
636 2851 664 2898 Τ.
692 2844 750 2900 isce
769 2845 805 2901 A.
833 2845 877 2899 his
896 2846 929 2900 P.
992 2844 1078 2915 Aqui

65 2934 131 2972 cum
150 2917 204 2971 sibi
223 2924 250 2971 Τ.
277 2932 341 2969 cum
359 2915 461 2985 quibus
477 2917 513 2969 A.
521 2915 555 2971 P.
600 2913 675 2970 esis
692 2914 788 2986 palam
805 2931 856 2971 om.
875 2915 910 2970 P.
937 2918 1027 2985 patan
1040 2917 1078 2971 A.

64 2995 82 3042 4
100 2986 308 3043 decertantibus
320 2987 353 3041 P.
400 2992 416 3040 5
434 2985 658 3042 nomineEberb.
685 2987 732 3040 scd
749 2987 784 3054 cf.
799 3002 849 3055 pp.
860 2991 904 3052 60,
915 2990 961 3053 133
981 2991 1023 3054 70,
1034 2990 1078 3042 11.
1170 2996 1173 3001 ’

65 3064 81 3112 ‘1
96 3058 169 3114 inter
179 3059 282 3115 haecff.
290 3058 323 3112 P.
343 3054 465 3124 interA.,
479 3057 512 3111 tn
520 3058 644 3126 marciae
653 3057 688 3111 ab
699 3057 791 3111 cedma
800 3072 885 3111 marus
894 3056 1078 3124 adscriptum:

65 3129 186 3183 interim.
259 3127 465 3183 9Atheniensi·
478 3127 514 3184 A
542 3125 616 3180 Nam
633 3128 694 3181 tam
711 3124 892 3180 Atheniensis
911 3125 1078 3193 Stesagoras

65 3216 151 3268 quam
165 3199 294 3254 sacerdos
303 3205 331 3254 Τ.
369 3203 402 3252 11
417 3197 467 3253 ille
474 3199 508 3252 P.
526 3197 602 3252 illis.
609 3197 644 3251 A.
682 3201 716 3251 15
729 3197 890 3251 uostramT.
908 3193 1076 3253 nostriA.P.

155 3269 203 3324 13.
224 3276 256 3324 17
275 3269 352 3325 hisce
370 3275 397 3326 Τ.
406 3268 439 3325 Ρ.
465 3269 510 3322 his
528 3269 564 3322 A.
607 3272 640 3322 18
659 3266 748 3322 nimia
765 3267 840 3323 AP.
867 3266 991 3321 menime
1007 3282 1077 3323 corr.

64 3339 388 3465 Antmarpinqnimilaf.
408 3339 625 3465 ἁὲἓίὶηοέίοιῶυω
643 3345 678 3464 §.l
709 3337 920 3463 anttilfincticqame
931 3336 967 3420 A.
998 3336 1077 3465 311111)

86 3427 262 3467 c1onem.
372 3428 390 3465 a
461 3425 590 3465 mae.
699 3425 830 3464 ouus
870 3451 875 3463 .
921 3426 1077 3465 mm.

67 3482 152 3537 etiam
170 3489 197 3537 1.
230 3482 328 3552 populi
347 3513 381 3524 -
399 3482 582 3550 respondeam
601 3497 652 3537 om.
671 3427 745 3538 Ais
814 3485 848 3535 23
868 3479 1078 3550 compressisset

65 3554 171 3623 scripsi.
200 3560 313 3624 conpss.
324 3596 330 3610 .
342 3554 385 3610 .et
401 3553 455 3623 lapi
471 3553 503 3608 ia
520 3558 549 3607 1.
