<?xml version="1.0" encoding="UTF-8"?>
<!DOCTYPE html PUBLIC "-//W3C//DTD XHTML 1.0 Transitional//EN"
    "http://www.w3.org/TR/xhtml1/DTD/xhtml1-transitional.dtd">
<html xmlns="http://www.w3.org/1999/xhtml" xml:lang="en" lang="en">
 <head>
  <title>
</title>
<meta http-equiv="Content-Type" content="text/html;charset=utf-8" />
  <meta name='ocr-system' content='tesseract 3.04.00' />
  <meta name='ocr-capabilities' content='ocr_page ocr_carea ocr_par ocr_line ocrx_word'/>
</head>
<body>
  <div class='ocr_page' id='page_1' title='image "./domitiivlpianiq00huscgoog/domitiivlpianiq00huscgoog_0272.png"; bbox 0 0 2376 3938; ppageno 0'>
   <div class='ocr_carea' id='block_1_1' title="bbox 385 199 1077 265">
    <p class='ocr_par' dir='ltr' id='par_1_1' title="bbox 385 199 1077 265">
     <span class='ocr_line' id='line_1_1' title="bbox 385 199 1077 265; baseline 0.017 -12"><span class='ocrx_word' id='word_1_1' title='bbox 385 200 514 257; x_wconf 81' lang='lat' dir='ltr'>OBITUS</span> <span class='ocrx_word' id='word_1_2' title='bbox 533 199 757 255; x_wconf 81' lang='lat' dir='ltr'>ALEXANDRI.</span> <span class='ocrx_word' id='word_1_3' title='bbox 1014 202 1077 265; x_wconf 88' lang='grc'>149</span> 
     </span>
    </p>
   </div>
   <div class='ocr_carea' id='block_1_2' title="bbox 62 362 1140 2748">
    <p class='ocr_par' dir='ltr' id='par_1_2' title="bbox 63 362 1122 1491">
     <span class='ocr_line' id='line_1_2' title="bbox 65 362 1078 447; baseline 0.001 -19"><span class='ocrx_word' id='word_1_4' title='bbox 65 363 104 428; x_wconf 90' lang='lat' dir='ltr'>dc</span> <span class='ocrx_word' id='word_1_5' title='bbox 132 363 200 427; x_wconf 91' lang='lat' dir='ltr'>eius</span> <span class='ocrx_word' id='word_1_6' title='bbox 229 362 327 426; x_wconf 87' lang='lat' dir='ltr'>exitio</span> <span class='ocrx_word' id='word_1_7' title='bbox 356 363 561 446; x_wconf 75' lang='lat' dir='ltr'>consultatis,</span> <span class='ocrx_word' id='word_1_8' title='bbox 590 363 686 427; x_wconf 91' lang='lat' dir='ltr'>modo</span> <span class='ocrx_word' id='word_1_9' title='bbox 715 367 751 427; x_wconf 88' lang='lat' dir='ltr'>ut</span> <span class='ocrx_word' id='word_1_10' title='bbox 779 385 836 428; x_wconf 87' lang='lat' dir='ltr'>vos</span> <span class='ocrx_word' id='word_1_11' title='bbox 865 366 991 447; x_wconf 84' lang='lat' dir='ltr'>gratiae</span> <span class='ocrx_word' id='word_1_12' title='bbox 1014 387 1078 429; x_wconf 92' lang='lat' dir='ltr'>me-</span> 
     </span>
     <span class='ocr_line' id='line_1_3' title="bbox 65 452 1077 535; baseline 0.002 -19"><span class='ocrx_word' id='word_1_13' title='bbox 65 473 172 516; x_wconf 82' lang='lat' dir='ltr'>mores</span> <span class='ocrx_word' id='word_1_14' title='bbox 202 455 526 535; x_wconf 89' lang='lat' dir='ltr'>remuneraturosquc</span> <span class='ocrx_word' id='word_1_15' title='bbox 557 452 599 515; x_wconf 89' lang='lat' dir='ltr'>in·</span> <span class='ocrx_word' id='word_1_16' title='bbox 624 455 792 534; x_wconf 89' lang='lat' dir='ltr'>posterum</span> <span class='ocrx_word' id='word_1_17' title='bbox 825 452 906 516; x_wconf 91' lang='lat' dir='ltr'>mihi</span> <span class='ocrx_word' id='word_1_18' title='bbox 940 476 997 518; x_wconf 92' lang='lat' dir='ltr'>vos</span> <span class='ocrx_word' id='word_1_19' title='bbox 1030 475 1077 518; x_wconf 88' lang='lat' dir='ltr'>se·</span> 
     </span>
     <span class='ocr_line' id='line_1_4' title="bbox 65 537 1077 623; baseline 0.002 -19"><span class='ocrx_word' id='word_1_20' title='bbox 65 542 140 605; x_wconf 91' lang='lat' dir='ltr'>dulo</span> <span class='ocrx_word' id='word_1_21' title='bbox 164 537 384 623; x_wconf 69' lang='lat' dir='ltr'>promittatis?</span> <span class='ocrx_word' id='word_1_22' title='bbox 423 539 520 603; x_wconf 82' lang='lat' dir='ltr'>Sedet</span> <span class='ocrx_word' id='word_1_23' title='bbox 544 540 677 623; x_wconf 88' lang='lat' dir='ltr'>sponsio</span> <span class='ocrx_word' id='word_1_24' title='bbox 701 539 916 605; x_wconf 89' lang='lat' dir='ltr'>adolescentis</span> <span class='ocrx_word' id='word_1_25' title='bbox 940 546 973 605; x_wconf 90' lang='lat' dir='ltr'>et</span> <span class='ocrx_word' id='word_1_26' title='bbox 996 540 1077 606; x_wconf 78' lang='lat' dir='ltr'>Can·</span> 
     </span>
     <span class='ocr_line' id='line_1_5' title="bbox 65 628 1100 713; baseline 0 -19"><span class='ocrx_word' id='word_1_27' title='bbox 65 631 142 694; x_wconf 91' lang='lat' dir='ltr'>dace</span> <span class='ocrx_word' id='word_1_28' title='bbox 165 628 315 712; x_wconf 90' lang='lat' dir='ltr'>protinus</span> <span class='ocrx_word' id='word_1_29' title='bbox 344 629 467 691; x_wconf 89' lang='lat' dir='ltr'>inventi</span> <span class='ocrx_word' id='word_1_30' title='bbox 490 629 694 713; x_wconf 68' lang='lat' dir='ltr'><strong>prudentiam</strong></span> <span class='ocrx_word' id='word_1_31' title='bbox 719 628 948 693; x_wconf 89' lang='lat' dir='ltr'>demirabatur.</span> <span class='ocrx_word' id='word_1_32' title='bbox 993 630 1100 694; x_wconf 64' lang='lat' dir='ltr'>Rur-¹</span> 
     </span>
     <span class='ocr_line' id='line_1_6' title="bbox 65 715 1103 802; baseline -0.002 -20"><span class='ocrx_word' id='word_1_33' title='bbox 65 723 194 801; x_wconf 84' lang='lat' dir='ltr'>susque</span> <span class='ocrx_word' id='word_1_34' title='bbox 215 720 351 781; x_wconf 86' lang='lat' dir='ltr'>secreto:</span> <span class='ocrx_word' id='word_1_35' title='bbox 382 715 552 799; x_wconf 71' lang='lat' dir='ltr'>‘Utinam,</span> <span class='ocrx_word' id='word_1_36' title='bbox 581 715 767 782; x_wconf 85' lang='lat' dir='ltr'>Alexander</span> <span class='ocrx_word' id='word_1_37' title='bbox 795 717 857 801; x_wconf 86' lang='lat' dir='ltr'>mi,</span> <span class='ocrx_word' id='word_1_38' title='bbox 886 721 919 782; x_wconf 90' lang='lat' dir='ltr'>te</span> <span class='ocrx_word' id='word_1_39' title='bbox 950 738 1103 802; x_wconf 71' lang='lat' dir='ltr'>quoquae</span> 
     </span>
     <span class='ocr_line' id='line_1_7' title="bbox 65 804 1077 881; baseline 0 -11"><span class='ocrx_word' id='word_1_40' title='bbox 65 807 165 870; x_wconf 88' lang='lat' dir='ltr'>velles</span> <span class='ocrx_word' id='word_1_41' title='bbox 191 804 231 869; x_wconf 90' lang='lat' dir='ltr'>ad</span> <span class='ocrx_word' id='word_1_42' title='bbox 253 826 422 869; x_wconf 90' lang='lat' dir='ltr'>numerum</span> <span class='ocrx_word' id='word_1_43' title='bbox 447 806 530 869; x_wconf 91' lang='lat' dir='ltr'>mihi</span> <span class='ocrx_word' id='word_1_44' title='bbox 553 805 670 870; x_wconf 80' lang='lat' dir='ltr'>addere</span> <span class='ocrx_word' id='word_1_45' title='bbox 688 807 844 871; x_wconf 87' lang='lat' dir='ltr'>filiorum!</span> <span class='ocrx_word' id='word_1_46' title='bbox 887 805 966 881; x_wconf 83' lang='lat' dir='ltr'>Quis</span> <span class='ocrx_word' id='word_1_47' title='bbox 991 806 1077 870; x_wconf 92' lang='lat' dir='ltr'>enim</span> 
     </span>
     <span class='ocr_line' id='line_1_8' title="bbox 65 891 1077 959; baseline -0.001 0"><span class='ocrx_word' id='word_1_48' title='bbox 65 896 193 959; x_wconf 89' lang='lat' dir='ltr'>dubitet</span> <span class='ocrx_word' id='word_1_49' title='bbox 225 897 303 958; x_wconf 89' lang='lat' dir='ltr'>tunc</span> <span class='ocrx_word' id='word_1_50' title='bbox 334 893 463 958; x_wconf 86' lang='lat' dir='ltr'>demum</span> <span class='ocrx_word' id='word_1_51' title='bbox 498 893 567 958; x_wconf 83' lang='lat' dir='ltr'>fore</span> <span class='ocrx_word' id='word_1_52' title='bbox 599 891 778 959; x_wconf 80' lang='lat' dir='ltr'>Candacem</span> <span class='ocrx_word' id='word_1_53' title='bbox 815 895 904 958; x_wconf 90' lang='lat' dir='ltr'>orbis</span> <span class='ocrx_word' id='word_1_54' title='bbox 935 895 1077 959; x_wconf 89' lang='lat' dir='ltr'>universi</span> 
     </span>
     <span class='ocr_line' id='line_1_9' title="bbox 64 982 1077 1069; baseline 0.001 -22"><span class='ocrx_word' id='word_1_55' title='bbox 64 984 226 1068; x_wconf 86' lang='lat' dir='ltr'>reginam,</span> <span class='ocrx_word' id='word_1_56' title='bbox 254 983 282 1046; x_wconf 84' lang='lat' dir='ltr'>si</span> <span class='ocrx_word' id='word_1_57' title='bbox 304 982 381 1046; x_wconf 90' lang='lat' dir='ltr'>talis</span> <span class='ocrx_word' id='word_1_58' title='bbox 407 1004 533 1066; x_wconf 89' lang='lat' dir='ltr'>quoque</span> <span class='ocrx_word' id='word_1_59' title='bbox 558 987 662 1046; x_wconf 89' lang='lat' dir='ltr'>mater</span> <span class='ocrx_word' id='word_1_60' title='bbox 685 983 744 1048; x_wconf 88' lang='lat' dir='ltr'>filii</span> <span class='ocrx_word' id='word_1_61' title='bbox 767 984 958 1067; x_wconf 84' lang='lat' dir='ltr'>putaretur?</span> <span class='ocrx_word' id='word_1_62' title='bbox 1003 982 1077 1069; x_wconf 82' lang='lat' dir='ltr'>Ego</span> 
     </span>
     <span class='ocr_line' id='line_1_10' title="bbox 64 1071 1122 1156; baseline 0.001 -20"><span class='ocrx_word' id='word_1_63' title='bbox 64 1074 129 1136; x_wconf 92' lang='lat' dir='ltr'>iam</span> <span class='ocrx_word' id='word_1_64' title='bbox 158 1071 252 1135; x_wconf 92' lang='lat' dir='ltr'>credo</span> <span class='ocrx_word' id='word_1_65' title='bbox 280 1092 347 1134; x_wconf 89' lang='lat' dir='ltr'>non</span> <span class='ocrx_word' id='word_1_66' title='bbox 374 1072 407 1134; x_wconf 89' lang='lat' dir='ltr'>te</span> <span class='ocrx_word' id='word_1_67' title='bbox 435 1072 509 1155; x_wconf 93' lang='lat' dir='ltr'>plus</span> <span class='ocrx_word' id='word_1_68' title='bbox 538 1072 626 1140; x_wconf 82' lang='lat' dir='ltr'>ferro</span> <span class='ocrx_word' id='word_1_69' title='bbox 650 1072 703 1136; x_wconf 93' lang='lat' dir='ltr'>vel</span> <span class='ocrx_word' id='word_1_70' title='bbox 729 1072 864 1156; x_wconf 88' lang='lat' dir='ltr'>proeliis</span> <span class='ocrx_word' id='word_1_71' title='bbox 893 1093 992 1156; x_wconf 88' lang='lat' dir='ltr'>quam</span> <span class='ocrx_word' id='word_1_72' title='bbox 1015 1071 1077 1137; x_wconf 91' lang='lat' dir='ltr'>hac</span> <span class='ocrx_word' id='word_1_73' title='bbox 1120 1078 1122 1082; x_wconf 81' lang='grc'><strong>’</strong></span> 
     </span>
     <span class='ocr_line' id='line_1_11' title="bbox 64 1158 1117 1245; baseline -0.002 -21"><span class='ocrx_word' id='word_1_74' title='bbox 64 1166 123 1224; x_wconf 90' lang='lat' dir='ltr'>tua</span> <span class='ocrx_word' id='word_1_75' title='bbox 145 1165 215 1224; x_wconf 93' lang='lat' dir='ltr'>tam</span> <span class='ocrx_word' id='word_1_76' title='bbox 238 1159 357 1224; x_wconf 83' lang='lat' dir='ltr'>celebri</span> <span class='ocrx_word' id='word_1_77' title='bbox 381 1160 553 1243; x_wconf 88' lang='lat' dir='ltr'>prudentia</span> <span class='ocrx_word' id='word_1_78' title='bbox 572 1162 723 1245; x_wconf 82' lang='lat' dir='ltr'>gentibus</span> <span class='ocrx_word' id='word_1_79' title='bbox 742 1161 957 1244; x_wconf 76' lang='lat' dir='ltr'>praestitisse.</span> <span class='ocrx_word' id='word_1_80' title='bbox 994 1158 1076 1226; x_wconf 79' lang='lat' dir='ltr'>(lon-</span> <span class='ocrx_word' id='word_1_81' title='bbox 1092 1182 1117 1222; x_wconf 84' lang='lat' dir='ltr'>ro</span> 
     </span>
     <span class='ocr_line' id='line_1_12' title="bbox 65 1248 1077 1333; baseline 0.001 -21"><span class='ocrx_word' id='word_1_82' title='bbox 65 1249 159 1313; x_wconf 90' lang='lat' dir='ltr'>firmo</span> <span class='ocrx_word' id='word_1_83' title='bbox 179 1248 281 1333; x_wconf 81' lang='lat' dir='ltr'>igitur</span> <span class='ocrx_word' id='word_1_84' title='bbox 299 1248 362 1311; x_wconf 89' lang='lat' dir='ltr'>tibi</span> <span class='ocrx_word' id='word_1_85' title='bbox 380 1270 492 1313; x_wconf 90' lang='lat' dir='ltr'>rursus</span> <span class='ocrx_word' id='word_1_86' title='bbox 513 1250 646 1313; x_wconf 89' lang='lat' dir='ltr'>eandem</span> <span class='ocrx_word' id='word_1_87' title='bbox 665 1250 755 1313; x_wconf 93' lang='lat' dir='ltr'>illam</span> <span class='ocrx_word' id='word_1_88' title='bbox 774 1250 869 1313; x_wconf 91' lang='lat' dir='ltr'>fidem</span> <span class='ocrx_word' id='word_1_89' title='bbox 889 1249 1077 1333; x_wconf 85' lang='lat' dir='ltr'>sponsionis</span> 
     </span>
     <span class='ocr_line' id='line_1_13' title="bbox 64 1338 1077 1452; baseline 0.001 -50"><span class='ocrx_word' id='word_1_90' title='bbox 64 1360 155 1402; x_wconf 87' lang='lat' dir='ltr'>meae</span> <span class='ocrx_word' id='word_1_91' title='bbox 184 1358 286 1452; x_wconf 74' lang='lat' dir='ltr'>pequc</span> <span class='ocrx_word' id='word_1_92' title='bbox 314 1342 361 1420; x_wconf 86' lang='lat' dir='ltr'>te,</span> <span class='ocrx_word' id='word_1_93' title='bbox 389 1340 500 1403; x_wconf 89' lang='lat' dir='ltr'>utres</span> <span class='ocrx_word' id='word_1_94' title='bbox 525 1342 589 1422; x_wconf 87' lang='lat' dir='ltr'>est,</span> <span class='ocrx_word' id='word_1_95' title='bbox 617 1339 814 1403; x_wconf 88' lang='lat' dir='ltr'>noscendum</span> <span class='ocrx_word' id='word_1_96' title='bbox 839 1338 980 1421; x_wconf 90' lang='lat' dir='ltr'>cuipiam</span> <span class='ocrx_word' id='word_1_97' title='bbox 1003 1359 1077 1421; x_wconf 89' lang='lat' dir='ltr'>pro·</span> 
     </span>
     <span class='ocr_line' id='line_1_14' title="bbox 63 1427 190 1491; baseline -0.008 -1"><span class='ocrx_word' id='word_1_98' title='bbox 63 1427 190 1491; x_wconf 87' lang='lat' dir='ltr'>fitebor.</span> 
     </span>
    </p>

    <p class='ocr_par' dir='ltr' id='par_1_3' title="bbox 62 1512 1140 2748">
     <span class='ocr_line' id='line_1_15' title="bbox 154 1512 1140 1598; baseline 0.004 -21"><span class='ocrx_word' id='word_1_99' title='bbox 154 1512 212 1578; x_wconf 79' lang='lat'>42.</span> <span class='ocrx_word' id='word_1_100' title='bbox 241 1514 330 1597; x_wconf 85' lang='lat' dir='ltr'>Ergo</span> <span class='ocrx_word' id='word_1_101' title='bbox 354 1516 430 1598; x_wconf 88' lang='lat' dir='ltr'>post</span> <span class='ocrx_word' id='word_1_102' title='bbox 453 1536 573 1597; x_wconf 89' lang='lat' dir='ltr'>paucos</span> <span class='ocrx_word' id='word_1_103' title='bbox 598 1513 769 1578; x_wconf 90' lang='lat' dir='ltr'>admodum</span> <span class='ocrx_word' id='word_1_104' title='bbox 793 1513 861 1577; x_wconf 91' lang='lat' dir='ltr'>dies</span> <span class='ocrx_word' id='word_1_105' title='bbox 885 1513 1077 1598; x_wconf 78' lang='lat' dir='ltr'>digredienti</span> <span class='ocrx_word' id='word_1_106' title='bbox 1096 1525 1140 1581; x_wconf 70' lang='lat'>66..</span> 
     </span>
     <span class='ocr_line' id='line_1_16' title="bbox 65 1600 1116 1667; baseline -0.004 0"><span class='ocrx_word' id='word_1_107' title='bbox 65 1604 121 1667; x_wconf 90' lang='lat' dir='ltr'>dat</span> <span class='ocrx_word' id='word_1_108' title='bbox 147 1603 302 1667; x_wconf 91' lang='lat' dir='ltr'>secretius</span> <span class='ocrx_word' id='word_1_109' title='bbox 328 1624 476 1666; x_wconf 87' lang='lat' dir='ltr'>munera:</span> <span class='ocrx_word' id='word_1_110' title='bbox 507 1624 657 1666; x_wconf 90' lang='lat' dir='ltr'>coronam</span> <span class='ocrx_word' id='word_1_111' title='bbox 685 1623 815 1665; x_wconf 85' lang='lat' dir='ltr'>auream</span> <span class='ocrx_word' id='word_1_112' title='bbox 847 1600 1074 1666; x_wconf 78' lang='lat' dir='ltr'>adamantibus</span> <span class='ocrx_word' id='word_1_113' title='bbox 1089 1622 1116 1663; x_wconf 82' lang='lat' dir='ltr'>rs</span> 
     </span>
     <span class='ocr_line' id='line_1_17' title="bbox 65 1689 1077 1774; baseline -0.004 -18"><span class='ocrx_word' id='word_1_114' title='bbox 65 1694 286 1756; x_wconf 91' lang='lat' dir='ltr'>coruscantem</span> <span class='ocrx_word' id='word_1_115' title='bbox 305 1713 438 1773; x_wconf 89' lang='lat' dir='ltr'>prorsus</span> <span class='ocrx_word' id='word_1_116' title='bbox 458 1712 495 1755; x_wconf 90' lang='lat' dir='ltr'>ac</span> <span class='ocrx_word' id='word_1_117' title='bbox 514 1691 542 1754; x_wconf 89' lang='lat' dir='ltr'>si</span> <span class='ocrx_word' id='word_1_118' title='bbox 561 1691 694 1774; x_wconf 84' lang='lat' dir='ltr'>regiam,</span> <span class='ocrx_word' id='word_1_119' title='bbox 712 1690 879 1754; x_wconf 91' lang='lat' dir='ltr'>thoracam</span> <span class='ocrx_word' id='word_1_120' title='bbox 894 1689 1019 1753; x_wconf 91' lang='lat' dir='ltr'>varium</span> <span class='ocrx_word' id='word_1_121' title='bbox 1038 1711 1077 1754; x_wconf 82' lang='lat' dir='ltr'>ex</span> 
     </span>
     <span class='ocr_line' id='line_1_18' title="bbox 64 1777 1076 1864; baseline -0.002 -21"><span class='ocrx_word' id='word_1_122' title='bbox 64 1781 240 1844; x_wconf 87' lang='lat' dir='ltr'>unionibus</span> <span class='ocrx_word' id='word_1_123' title='bbox 270 1780 487 1864; x_wconf 85' lang='lat' dir='ltr'>beryllisque‚</span> <span class='ocrx_word' id='word_1_124' title='bbox 518 1777 723 1861; x_wconf 81' lang='lat' dir='ltr'>chlamydem</span> <span class='ocrx_word' id='word_1_125' title='bbox 753 1778 852 1842; x_wconf 89' lang='lat' dir='ltr'>etiam</span> <span class='ocrx_word' id='word_1_126' title='bbox 880 1799 1076 1860; x_wconf 89' lang='lat' dir='ltr'>purpuream</span> 
     </span>
     <span class='ocr_line' id='line_1_19' title="bbox 64 1866 1075 1952; baseline -0.002 -20"><span class='ocrx_word' id='word_1_127' title='bbox 64 1870 285 1952; x_wconf 78' lang='lat' dir='ltr'>intentamque</span> <span class='ocrx_word' id='word_1_128' title='bbox 316 1890 407 1951; x_wconf 86' lang='lat' dir='ltr'>auru,</span> <span class='ocrx_word' id='word_1_129' title='bbox 438 1869 565 1951; x_wconf 87' lang='lat' dir='ltr'>aliaque</span> <span class='ocrx_word' id='word_1_130' title='bbox 593 1870 761 1950; x_wconf 88' lang='lat' dir='ltr'>praeterea</span> <span class='ocrx_word' id='word_1_131' title='bbox 789 1887 861 1930; x_wconf 91' lang='lat' dir='ltr'>cum</span> <span class='ocrx_word' id='word_1_132' title='bbox 889 1866 1075 1931; x_wconf 88' lang='lat' dir='ltr'>testimonio</span> 
     </span>
     <span class='ocr_line' id='line_1_20' title="bbox 65 1955 1075 2042; baseline 0 -23"><span class='ocrx_word' id='word_1_133' title='bbox 65 1957 206 2042; x_wconf 84' lang='lat' dir='ltr'>publico,</span> <span class='ocrx_word' id='word_1_134' title='bbox 230 1977 312 2040; x_wconf 89' lang='lat' dir='ltr'>quae</span> <span class='ocrx_word' id='word_1_135' title='bbox 337 1957 376 2020; x_wconf 89' lang='lat' dir='ltr'>ad</span> <span class='ocrx_word' id='word_1_136' title='bbox 401 1956 579 2021; x_wconf 77' lang='lat' dir='ltr'>satellitem</span> <span class='ocrx_word' id='word_1_137' title='bbox 602 1957 816 2038; x_wconf 83' lang='lat' dir='ltr'>pertinerent,</span> <span class='ocrx_word' id='word_1_138' title='bbox 841 1955 995 2038; x_wconf 90' lang='lat' dir='ltr'>iubetque</span> <span class='ocrx_word' id='word_1_139' title='bbox 1018 1955 1075 2019; x_wconf 93' lang='lat' dir='ltr'>ho-</span> 
     </span>
     <span class='ocr_line' id='line_1_21' title="bbox 65 2042 1117 2128; baseline -0.002 -20"><span class='ocrx_word' id='word_1_140' title='bbox 65 2046 185 2108; x_wconf 91' lang='lat' dir='ltr'>minem</span> <span class='ocrx_word' id='word_1_141' title='bbox 217 2045 330 2108; x_wconf 89' lang='lat' dir='ltr'>deduci</span> <span class='ocrx_word' id='word_1_142' title='bbox 360 2066 398 2109; x_wconf 92' lang='lat' dir='ltr'>ec</span> <span class='ocrx_word' id='word_1_143' title='bbox 432 2050 464 2109; x_wconf 89' lang='lat' dir='ltr'>et</span> <span class='ocrx_word' id='word_1_144' title='bbox 496 2066 555 2128; x_wconf 87' lang='lat' dir='ltr'>per</span> <span class='ocrx_word' id='word_1_145' title='bbox 587 2048 735 2127; x_wconf 86' lang='lat' dir='ltr'>satrapas</span> <span class='ocrx_word' id='word_1_146' title='bbox 766 2042 972 2127; x_wconf 84' lang='lat' dir='ltr'>vicissimque</span> <span class='ocrx_word' id='word_1_147' title='bbox 1001 2064 1075 2128; x_wconf 92' lang='lat' dir='ltr'>pro·</span> <span class='ocrx_word' id='word_1_148' title='bbox 1088 2063 1117 2106; x_wconf 81' lang='lat' dir='ltr'>ao</span> 
     </span>
     <span class='ocr_line' id='line_1_22' title="bbox 65 2130 1121 2217; baseline -0.005 -21"><span class='ocrx_word' id='word_1_149' title='bbox 65 2134 187 2197; x_wconf 83' lang='lat' dir='ltr'>fectum</span> <span class='ocrx_word' id='word_1_150' title='bbox 210 2133 373 2216; x_wconf 82' lang='lat' dir='ltr'>repedare,</span> <span class='ocrx_word' id='word_1_151' title='bbox 397 2155 461 2217; x_wconf 89' lang='lat' dir='ltr'>quo</span> <span class='ocrx_word' id='word_1_152' title='bbox 485 2136 626 2197; x_wconf 83' lang='lat' dir='ltr'>venerat.</span> <span class='ocrx_word' id='word_1_153' title='bbox 672 2130 737 2196; x_wconf 92' lang='lat' dir='ltr'>Ubi</span> <span class='ocrx_word' id='word_1_154' title='bbox 761 2131 862 2216; x_wconf 85' lang='lat' dir='ltr'>igitur</span> <span class='ocrx_word' id='word_1_155' title='bbox 886 2131 981 2196; x_wconf 90' lang='lat' dir='ltr'>adid</span> <span class='ocrx_word' id='word_1_156' title='bbox 1022 2136 1121 2192; x_wconf 85' lang='lat' dir='ltr'>XXIV.</span> 
     </span>
     <span class='ocr_line' id='line_1_23' title="bbox 65 2218 1076 2304; baseline 0 -19"><span class='ocrx_word' id='word_1_157' title='bbox 65 2223 129 2286; x_wconf 90' lang='lat' dir='ltr'>loci</span> <span class='ocrx_word' id='word_1_158' title='bbox 153 2221 338 2285; x_wconf 85' lang='lat' dir='ltr'>Alexander</span> <span class='ocrx_word' id='word_1_159' title='bbox 360 2223 462 2299; x_wconf 88' lang='lat' dir='ltr'>venit,</span> <span class='ocrx_word' id='word_1_160' title='bbox 491 2242 571 2304; x_wconf 89' lang='lat' dir='ltr'>quas</span> <span class='ocrx_word' id='word_1_161' title='bbox 595 2218 777 2286; x_wconf 79' lang='lat' dir='ltr'>Candaules</span> <span class='ocrx_word' id='word_1_162' title='bbox 806 2221 837 2284; x_wconf 91' lang='lat' dir='ltr'>ei</span> <span class='ocrx_word' id='word_1_163' title='bbox 864 2221 998 2285; x_wconf 90' lang='lat' dir='ltr'>deorum</span> <span class='ocrx_word' id='word_1_164' title='bbox 1023 2219 1076 2285; x_wconf 92' lang='lat' dir='ltr'>do-</span> 
     </span>
     <span class='ocr_line' id='line_1_24' title="bbox 64 2308 1074 2392; baseline -0.002 -19"><span class='ocrx_word' id='word_1_165' title='bbox 64 2333 137 2373; x_wconf 89' lang='lat' dir='ltr'>mus</span> <span class='ocrx_word' id='word_1_166' title='bbox 167 2331 237 2373; x_wconf 89' lang='lat' dir='ltr'>esse</span> <span class='ocrx_word' id='word_1_167' title='bbox 267 2308 433 2373; x_wconf 83' lang='lat' dir='ltr'>confessus</span> <span class='ocrx_word' id='word_1_168' title='bbox 461 2315 524 2391; x_wconf 85' lang='lat' dir='ltr'>est,</span> <span class='ocrx_word' id='word_1_169' title='bbox 555 2313 663 2392; x_wconf 88' lang='lat' dir='ltr'>sperat</span> <span class='ocrx_word' id='word_1_170' title='bbox 690 2331 786 2392; x_wconf 89' lang='lat' dir='ltr'>posse</span> <span class='ocrx_word' id='word_1_171' title='bbox 814 2309 884 2373; x_wconf 91' lang='lat' dir='ltr'>illic</span> <span class='ocrx_word' id='word_1_172' title='bbox 911 2309 974 2373; x_wconf 90' lang='lat' dir='ltr'>sibi</span> <span class='ocrx_word' id='word_1_173' title='bbox 1001 2330 1074 2377; x_wconf 92' lang='lat' dir='ltr'>cum</span> 
     </span>
     <span class='ocr_line' id='line_1_25' title="bbox 64 2397 1075 2482; baseline -0.001 -21"><span class='ocrx_word' id='word_1_174' title='bbox 64 2399 126 2462; x_wconf 89' lang='lat' dir='ltr'>diis</span> <span class='ocrx_word' id='word_1_175' title='bbox 153 2397 396 2462; x_wconf 89' lang='lat' dir='ltr'>immortalibus</span> <span class='ocrx_word' id='word_1_176' title='bbox 424 2399 523 2462; x_wconf 89' lang='lat' dir='ltr'>verba</span> <span class='ocrx_word' id='word_1_177' title='bbox 550 2398 635 2479; x_wconf 53' lang='lat' dir='ltr'>fiere}</span> <span class='ocrx_word' id='word_1_178' title='bbox 667 2419 705 2461; x_wconf 86' lang='lat' dir='ltr'>ex</span> <span class='ocrx_word' id='word_1_179' title='bbox 735 2399 953 2482; x_wconf 88' lang='lat' dir='ltr'>praesentium</span> <span class='ocrx_word' id='word_1_180' title='bbox 983 2398 1075 2479; x_wconf 91' lang='lat' dir='ltr'>copia</span> 
     </span>
     <span class='ocr_line' id='line_1_26' title="bbox 64 2485 1115 2571; baseline -0.004 -21"><span class='ocrx_word' id='word_1_181' title='bbox 64 2487 197 2571; x_wconf 89' lang='lat' dir='ltr'>opipare</span> <span class='ocrx_word' id='word_1_182' title='bbox 241 2485 441 2551; x_wconf 88' lang='lat' dir='ltr'>sacrificatus</span> <span class='ocrx_word' id='word_1_183' title='bbox 480 2486 600 2550; x_wconf 90' lang='lat' dir='ltr'>ibidem</span> <span class='ocrx_word' id='word_1_184' title='bbox 644 2487 897 2571; x_wconf 81' lang='lat' dir='ltr'>convivatusque</span> <span class='ocrx_word' id='word_1_185' title='bbox 943 2486 1076 2550; x_wconf 90' lang='lat' dir='ltr'>adhibet</span> <span class='ocrx_word' id='word_1_186' title='bbox 1089 2506 1115 2546; x_wconf 84' lang='lat' dir='ltr'>aa</span> 
     </span>
     <span class='ocr_line' id='line_1_27' title="bbox 65 2574 1076 2657; baseline -0.002 -18"><span class='ocrx_word' id='word_1_187' title='bbox 65 2576 163 2639; x_wconf 89' lang='lat' dir='ltr'>etiam</span> <span class='ocrx_word' id='word_1_188' title='bbox 188 2597 226 2638; x_wconf 84' lang='lat' dir='ltr'>ex</span> <span class='ocrx_word' id='word_1_189' title='bbox 251 2574 422 2638; x_wconf 87' lang='lat' dir='ltr'>comitibus</span> <span class='ocrx_word' id='word_1_190' title='bbox 446 2595 543 2657; x_wconf 89' lang='lat' dir='ltr'>quam</span> <span class='ocrx_word' id='word_1_191' title='bbox 566 2575 790 2657; x_wconf 85' lang='lat' dir='ltr'>paucissimos.</span> <span class='ocrx_word' id='word_1_192' title='bbox 830 2575 958 2639; x_wconf 85' lang='lat' dir='ltr'>Interea</span> <span class='ocrx_word' id='word_1_193' title='bbox 976 2575 1076 2638; x_wconf 89' lang='lat' dir='ltr'>inter-</span> 
     </span>
     <span class='ocr_line' id='line_1_28' title="bbox 62 2663 1076 2748; baseline -0.001 -21"><span class='ocrx_word' id='word_1_194' title='bbox 62 2665 173 2727; x_wconf 93' lang='lat' dir='ltr'>venire</span> <span class='ocrx_word' id='word_1_195' title='bbox 193 2663 349 2748; x_wconf 89' lang='lat' dir='ltr'>quasdam</span> <span class='ocrx_word' id='word_1_196' title='bbox 369 2663 547 2727; x_wconf 86' lang='lat' dir='ltr'>formarum</span> <span class='ocrx_word' id='word_1_197' title='bbox 572 2663 697 2748; x_wconf 87' lang='lat' dir='ltr'>effigies</span> <span class='ocrx_word' id='word_1_198' title='bbox 716 2664 804 2727; x_wconf 89' lang='lat' dir='ltr'>videt</span> <span class='ocrx_word' id='word_1_199' title='bbox 826 2664 918 2728; x_wconf 88' lang='lat' dir='ltr'>tenui</span> <span class='ocrx_word' id='word_1_200' title='bbox 937 2663 1076 2747; x_wconf 81' lang='lat' dir='ltr'>quidem,</span> 
     </span>
    </p>
   </div>
   <div class='ocr_carea' id='block_1_3' title="bbox 60 2854 1173 3626">
    <p class='ocr_par' dir='ltr' id='par_1_4' title="bbox 61 2854 1076 3346">
     <span class='ocr_line' id='line_1_29' title="bbox 153 2854 1075 2921; baseline 0.002 -16"><span class='ocrx_word' id='word_1_201' title='bbox 153 2854 273 2909; x_wconf 82' lang='lat' dir='ltr'>leritio</span> <span class='ocrx_word' id='word_1_202' title='bbox 293 2855 328 2909; x_wconf 91' lang='lat' dir='ltr'>A.</span> <span class='ocrx_word' id='word_1_203' title='bbox 358 2854 434 2908; x_wconf 87' lang='lat' dir='ltr'>exitu</span> <span class='ocrx_word' id='word_1_204' title='bbox 453 2854 485 2908; x_wconf 91' lang='lat' dir='ltr'>P.</span> <span class='ocrx_word' id='word_1_205' title='bbox 545 2855 861 2921; x_wconf 70' lang='lat' dir='ltr'>tremuneraturcsque</span> <span class='ocrx_word' id='word_1_206' title='bbox 881 2855 957 2909; x_wconf 82' lang='lat' dir='ltr'>Mai.</span> <span class='ocrx_word' id='word_1_207' title='bbox 984 2872 1075 2908; x_wconf 90' lang='lat' dir='ltr'>remu-</span> 
     </span>
     <span class='ocr_line' id='line_1_30' title="bbox 61 2924 1074 2996; baseline 0.001 -20"><span class='ocrx_word' id='word_1_208' title='bbox 61 2927 231 2993; x_wconf 88' lang='lat' dir='ltr'>neratosque</span> <span class='ocrx_word' id='word_1_209' title='bbox 242 2926 277 2996; x_wconf 86' lang='lat' dir='ltr'>A.</span> <span class='ocrx_word' id='word_1_210' title='bbox 296 2927 543 2992; x_wconf 90' lang='lat' dir='ltr'>renumeratosque</span> <span class='ocrx_word' id='word_1_211' title='bbox 556 2926 590 2979; x_wconf 92' lang='lat' dir='ltr'>P.</span> <span class='ocrx_word' id='word_1_212' title='bbox 628 2932 644 2978; x_wconf 87' lang='lat'><strong>3</strong></span> <span class='ocrx_word' id='word_1_213' title='bbox 664 2925 749 2979; x_wconf 85' lang='lat' dir='ltr'>Sedet</span> <span class='ocrx_word' id='word_1_214' title='bbox 763 2926 870 2993; x_wconf 81' lang='lat' dir='ltr'>scripsi.</span> <span class='ocrx_word' id='word_1_215' title='bbox 895 2924 945 2978; x_wconf 89' lang='lat' dir='ltr'>sed</span> <span class='ocrx_word' id='word_1_216' title='bbox 960 2929 988 2979; x_wconf 84' lang='lat' dir='ltr'>et</span> <span class='ocrx_word' id='word_1_217' title='bbox 997 2926 1031 2979; x_wconf 92' lang='lat' dir='ltr'>A.</span> <span class='ocrx_word' id='word_1_218' title='bbox 1041 2925 1074 2978; x_wconf 90' lang='lat' dir='ltr'>P.</span> 
     </span>
     <span class='ocr_line' id='line_1_31' title="bbox 62 2994 1076 3064; baseline 0 -16"><span class='ocrx_word' id='word_1_219' title='bbox 62 2994 248 3049; x_wconf 86' lang='lat' dir='ltr'>adolescentis</span> <span class='ocrx_word' id='word_1_220' title='bbox 267 2997 366 3064; x_wconf 79' lang='lat' dir='ltr'>scripsi</span> <span class='ocrx_word' id='word_1_221' title='bbox 373 3017 383 3060; x_wconf 90' lang='lat'>‚·</span> <span class='ocrx_word' id='word_1_222' title='bbox 402 2994 515 3064; x_wconf 78' lang='lat' dir='ltr'>sponsio</span> <span class='ocrx_word' id='word_1_223' title='bbox 536 2994 708 3049; x_wconf 82' lang='lat' dir='ltr'>adolescenti</span> <span class='ocrx_word' id='word_1_224' title='bbox 723 2995 754 3049; x_wconf 90' lang='lat' dir='ltr'>P.</span> <span class='ocrx_word' id='word_1_225' title='bbox 784 2995 959 3063; x_wconf 88' lang='lat' dir='ltr'>sponsionem</span> <span class='ocrx_word' id='word_1_226' title='bbox 981 2995 1076 3049; x_wconf 91' lang='lat' dir='ltr'>adole·</span> 
     </span>
     <span class='ocr_line' id='line_1_32' title="bbox 62 3064 1074 3120; baseline -0.003 -1"><span class='ocrx_word' id='word_1_227' title='bbox 62 3081 140 3119; x_wconf 88' lang='lat' dir='ltr'>scens</span> <span class='ocrx_word' id='word_1_228' title='bbox 151 3067 185 3120; x_wconf 88' lang='lat' dir='ltr'>A.</span> <span class='ocrx_word' id='word_1_229' title='bbox 230 3066 444 3120; x_wconf 71' lang='lat' dir='ltr'>bsecretumP.</span> <span class='ocrx_word' id='word_1_230' title='bbox 489 3072 504 3120; x_wconf 81' lang='lat' dir='ltr'>‘I</span> <span class='ocrx_word' id='word_1_231' title='bbox 524 3066 581 3119; x_wconf 86' lang='lat' dir='ltr'>fore</span> <span class='ocrx_word' id='word_1_232' title='bbox 597 3064 753 3119; x_wconf 84' lang='lat' dir='ltr'>Candacem</span> <span class='ocrx_word' id='word_1_233' title='bbox 764 3064 798 3119; x_wconf 94' lang='lat' dir='ltr'>A.</span> <span class='ocrx_word' id='word_1_234' title='bbox 818 3065 876 3118; x_wconf 86' lang='lat' dir='ltr'>fere</span> <span class='ocrx_word' id='word_1_235' title='bbox 896 3065 1022 3119; x_wconf 89' lang='lat' dir='ltr'>Candace</span> <span class='ocrx_word' id='word_1_236' title='bbox 1041 3065 1074 3119; x_wconf 92' lang='lat' dir='ltr'>P.</span> 
     </span>
     <span class='ocr_line' id='line_1_33' title="bbox 62 3133 1076 3206; baseline -0.002 -17"><span class='ocrx_word' id='word_1_237' title='bbox 62 3135 158 3205; x_wconf 82' lang='lat' dir='ltr'>8Ego</span> <span class='ocrx_word' id='word_1_238' title='bbox 177 3138 212 3190; x_wconf 88' lang='lat' dir='ltr'>A.</span> <span class='ocrx_word' id='word_1_239' title='bbox 241 3137 316 3206; x_wconf 85' lang='lat' dir='ltr'>Ergo</span> <span class='ocrx_word' id='word_1_240' title='bbox 337 3137 371 3191; x_wconf 87' lang='lat' dir='ltr'>P.</span> <span class='ocrx_word' id='word_1_241' title='bbox 409 3143 424 3190; x_wconf 88' lang='lat'><strong>9</strong></span> <span class='ocrx_word' id='word_1_242' title='bbox 445 3137 498 3190; x_wconf 81' lang='lat' dir='ltr'>hac</span> <span class='ocrx_word' id='word_1_243' title='bbox 517 3139 567 3190; x_wconf 86' lang='lat' dir='ltr'>tua</span> <span class='ocrx_word' id='word_1_244' title='bbox 585 3139 644 3190; x_wconf 87' lang='lat' dir='ltr'>tam</span> <span class='ocrx_word' id='word_1_245' title='bbox 664 3133 768 3188; x_wconf 88' lang='lat' dir='ltr'>celebri</span> <span class='ocrx_word' id='word_1_246' title='bbox 786 3133 938 3203; x_wconf 89' lang='lat' dir='ltr'>prudentia</span> <span class='ocrx_word' id='word_1_247' title='bbox 949 3136 982 3187; x_wconf 94' lang='lat' dir='ltr'>P.</span> <span class='ocrx_word' id='word_1_248' title='bbox 1011 3140 1076 3188; x_wconf 88' lang='lat' dir='ltr'>actu</span> 
     </span>
     <span class='ocr_line' id='line_1_34' title="bbox 61 3205 1075 3277; baseline -0.001 -17"><span class='ocrx_word' id='word_1_249' title='bbox 61 3205 148 3260; x_wconf 88' lang='lat' dir='ltr'>etiam</span> <span class='ocrx_word' id='word_1_250' title='bbox 168 3207 285 3261; x_wconf 90' lang='lat' dir='ltr'>celebris</span> <span class='ocrx_word' id='word_1_251' title='bbox 304 3207 469 3277; x_wconf 89' lang='lat' dir='ltr'>prudentiae</span> <span class='ocrx_word' id='word_1_252' title='bbox 489 3209 524 3262; x_wconf 88' lang='lat' dir='ltr'>A.</span> <span class='ocrx_word' id='word_1_253' title='bbox 571 3213 602 3260; x_wconf 94' lang='grc'>11</span> <span class='ocrx_word' id='word_1_254' title='bbox 622 3207 705 3260; x_wconf 92' lang='lat' dir='ltr'>fidem</span> <span class='ocrx_word' id='word_1_255' title='bbox 725 3222 774 3260; x_wconf 86' lang='lat' dir='ltr'>cm.</span> <span class='ocrx_word' id='word_1_256' title='bbox 794 3206 826 3259; x_wconf 93' lang='lat' dir='ltr'>P.</span> <span class='ocrx_word' id='word_1_257' title='bbox 874 3209 906 3257; x_wconf 81' lang='lat'>12</span> <span class='ocrx_word' id='word_1_258' title='bbox 925 3208 953 3258; x_wconf 88' lang='lat' dir='ltr'>te</span> <span class='ocrx_word' id='word_1_259' title='bbox 972 3222 1022 3259; x_wconf 84' lang='lat' dir='ltr'>om.</span> <span class='ocrx_word' id='word_1_260' title='bbox 1042 3206 1075 3259; x_wconf 93' lang='lat' dir='ltr'>P.</span> 
     </span>
     <span class='ocr_line' id='line_1_35' title="bbox 61 3279 243 3346; baseline 0.011 -16"><span class='ocrx_word' id='word_1_261' title='bbox 61 3279 193 3346; x_wconf 86' lang='lat' dir='ltr'>profiteor</span> <span class='ocrx_word' id='word_1_262' title='bbox 212 3279 243 3332; x_wconf 92' lang='lat' dir='ltr'>P.</span> 
     </span>
    </p>

    <p class='ocr_par' dir='ltr' id='par_1_5' title="bbox 60 3346 1173 3626">
     <span class='ocr_line' id='line_1_36' title="bbox 151 3346 1173 3414; baseline -0.003 -13"><span class='ocrx_word' id='word_1_263' title='bbox 151 3347 198 3403; x_wconf 78' lang='lat'>42.</span> <span class='ocrx_word' id='word_1_264' title='bbox 220 3355 251 3402; x_wconf 87' lang='lat'>15</span> <span class='ocrx_word' id='word_1_265' title='bbox 272 3365 385 3403; x_wconf 86' lang='lat' dir='ltr'>auream</span> <span class='ocrx_word' id='word_1_266' title='bbox 404 3365 454 3402; x_wconf 87' lang='lat' dir='ltr'>om.</span> <span class='ocrx_word' id='word_1_267' title='bbox 476 3349 509 3402; x_wconf 89' lang='lat' dir='ltr'>P.</span> <span class='ocrx_word' id='word_1_268' title='bbox 554 3354 586 3402; x_wconf 87' lang='grc'>16</span> <span class='ocrx_word' id='word_1_269' title='bbox 605 3349 699 3402; x_wconf 86' lang='lat' dir='ltr'>toraca</span> <span class='ocrx_word' id='word_1_270' title='bbox 720 3348 753 3401; x_wconf 92' lang='lat' dir='ltr'>P.</span> <span class='ocrx_word' id='word_1_271' title='bbox 799 3352 831 3400; x_wconf 84' lang='lat'>19</span> <span class='ocrx_word' id='word_1_272' title='bbox 850 3346 1022 3414; x_wconf 85' lang='lat' dir='ltr'>pertinerent</span> <span class='ocrx_word' id='word_1_273' title='bbox 1040 3346 1075 3400; x_wconf 94' lang='lat' dir='ltr'>A.</span> <span class='ocrx_word' id='word_1_274' title='bbox 1170 3405 1173 3410; x_wconf 52' lang='grc'><strong>,</strong></span> 
     </span>
     <span class='ocr_line' id='line_1_37' title="bbox 61 3416 1074 3488; baseline -0.001 -18"><span class='ocrx_word' id='word_1_275' title='bbox 61 3417 185 3472; x_wconf 87' lang='lat' dir='ltr'>facerent</span> <span class='ocrx_word' id='word_1_276' title='bbox 204 3420 236 3473; x_wconf 86' lang='lat' dir='ltr'>P.</span> <span class='ocrx_word' id='word_1_277' title='bbox 293 3426 326 3472; x_wconf 81' lang='lat'>21</span> <span class='ocrx_word' id='word_1_278' title='bbox 346 3419 481 3488; x_wconf 87' lang='lat' dir='ltr'>repedare</span> <span class='ocrx_word' id='word_1_279' title='bbox 501 3436 551 3473; x_wconf 88' lang='lat' dir='ltr'>om.</span> <span class='ocrx_word' id='word_1_280' title='bbox 571 3420 604 3472; x_wconf 93' lang='lat' dir='ltr'>P.</span> <span class='ocrx_word' id='word_1_281' title='bbox 640 3436 694 3485; x_wconf 92' lang='lat' dir='ltr'>quo</span> <span class='ocrx_word' id='word_1_282' title='bbox 714 3418 749 3471; x_wconf 91' lang='lat' dir='ltr'>A.</span> <span class='ocrx_word' id='word_1_283' title='bbox 758 3418 792 3475; x_wconf 89' lang='lat' dir='ltr'>P.</span> <span class='ocrx_word' id='word_1_284' title='bbox 817 3417 908 3472; x_wconf 86' lang='lat' dir='ltr'>unde?</span> <span class='ocrx_word' id='word_1_285' title='bbox 966 3423 1001 3472; x_wconf 80' lang='lat'>24</span> <span class='ocrx_word' id='word_1_286' title='bbox 1020 3416 1074 3470; x_wconf 87' lang='lat' dir='ltr'>diis</span> 
     </span>
     <span class='ocr_line' id='line_1_38' title="bbox 60 3487 1074 3560; baseline 0.003 -21"><span class='ocrx_word' id='word_1_287' title='bbox 60 3487 267 3544; x_wconf 86' lang='lat' dir='ltr'>immortalibus</span> <span class='ocrx_word' id='word_1_288' title='bbox 287 3490 322 3544; x_wconf 88' lang='lat' dir='ltr'>A.</span> <span class='ocrx_word' id='word_1_289' title='bbox 347 3490 512 3544; x_wconf 90' lang='lat' dir='ltr'>demonibus</span> <span class='ocrx_word' id='word_1_290' title='bbox 531 3490 562 3542; x_wconf 93' lang='lat' dir='ltr'>P.</span> <span class='ocrx_word' id='word_1_291' title='bbox 595 3488 657 3542; x_wconf 84' lang='lat' dir='ltr'>fieri</span> <span class='ocrx_word' id='word_1_292' title='bbox 676 3490 781 3544; x_wconf 81' lang='lat' dir='ltr'>addidi.</span> <span class='ocrx_word' id='word_1_293' title='bbox 832 3494 867 3542; x_wconf 80' lang='lat'>25</span> <span class='ocrx_word' id='word_1_294' title='bbox 887 3488 1023 3560; x_wconf 87' lang='lat' dir='ltr'>oppipare</span> <span class='ocrx_word' id='word_1_295' title='bbox 1042 3488 1074 3542; x_wconf 94' lang='lat' dir='ltr'>P.</span> 
     </span>
     <span class='ocr_line' id='line_1_39' title="bbox 62 3559 691 3626; baseline 0.006 -16"><span class='ocrx_word' id='word_1_296' title='bbox 62 3559 171 3626; x_wconf 89' lang='lat' dir='ltr'>opinari</span> <span class='ocrx_word' id='word_1_297' title='bbox 189 3561 223 3613; x_wconf 91' lang='lat' dir='ltr'>A.</span> <span class='ocrx_word' id='word_1_298' title='bbox 299 3566 332 3614; x_wconf 79' lang='lat'>27</span> <span class='ocrx_word' id='word_1_299' title='bbox 351 3560 501 3614; x_wconf 85' lang='lat' dir='ltr'>formarem</span> <span class='ocrx_word' id='word_1_300' title='bbox 516 3560 556 3624; x_wconf 78' lang='lat' dir='ltr'>P.</span> <span class='ocrx_word' id='word_1_301' title='bbox 585 3576 635 3613; x_wconf 86' lang='lat' dir='ltr'>om.</span> <span class='ocrx_word' id='word_1_302' title='bbox 654 3559 691 3614; x_wconf 91' lang='lat' dir='ltr'>A.</span> 
     </span>
    </p>
   </div>
   <div class='ocr_carea' id='block_1_4' title="bbox 0 0 1192 3938">
    <p class='ocr_par' dir='ltr' id='par_1_6' title="bbox 0 0 1192 3938">
     <span class='ocr_line' id='line_1_40' title="bbox 0 0 1192 3938; baseline 0 0"><span class='ocrx_word' id='word_1_303' title='bbox 0 0 1192 3938; x_wconf 95' lang='lat' dir='ltr'> </span> 
     </span>
    </p>
   </div>
  </div>
 </body>
</html>
