2362 3938
76 168 98 232 2
422 162 452 219 e.
471 162 609 218 vanum
626 162 764 221 macer

77 316 253 394 progeniem
276 314 440 392 diuumque
463 314 573 392 minas3
595 311 678 373 hunc
700 331 775 374 nam
799 317 872 378 lore
897 322 963 399 regi

77 404 169 463 exitio
192 410 337 482 uatesque
362 410 473 462 canunt
495 400 706 482 pecudumque
728 421 790 482 per
813 424 887 468 aras

80 492 206 553 terrifici
227 494 360 552 monitus
383 493 506 550 iterant:
530 508 621 569 super
644 492 741 569 ipsius
765 494 882 572 ingens

80 583 171 641 instat
194 581 271 641 lama
294 583 353 640 uiri
375 581 535 657 uirtusque
557 577 630 639 haut
652 578 730 639 laeta
754 588 901 660 tyranno.
1066 593 1110 669 st

81 688 152 749 ergo
177 672 291 730 anteire
314 676 412 728 metus
436 670 637 746 irmenemque
661 670 844 747 extinguere
868 674 974 751 pergit

81 760 243 819 Aesonium
266 758 378 835 letique
401 757 466 816 uias
489 774 523 816 ac
546 764 681 835 tempora
705 766 819 819 uersat.

82 846 134 907 sed
158 864 255 926 neque
279 844 356 905 hella
378 843 461 905 uidet
484 843 586 904 Graias
610 862 708 923 neque
731 854 874 908 monstra
897 866 956 929 per
977 847 1058 910 urbes

82 934 149 997 ulla.
196 933 342 994 Cleonaeo
366 935 424 993 iam
448 942 582 1011 tempora
604 932 706 993 clusus
729 933 816 995 hiatu

82 1021 212 1103 AlcideS‚
235 1021 306 1081 olim
329 1020 443 1081 Lernae
468 1022 608 1081 defensus
631 1020 667 1080 ah
691 1038 790 1100 angue
1063 1032 1086 1084 ti

83 1112 173 1169 Arcas
198 1117 228 1170 et
247 1108 391 1168 ambobus
414 1112 473 1169 iam
497 1128 609 1170 cornua
632 1110 725 1170 tracta
749 1113 903 1174 iuuencis.

81 1200 125 1256 ira
149 1199 238 1255 maris
261 1199 399 1274 uastique
423 1197 545 1276 placent
568 1197 738 1258 discrimina
762 1203 859 1279 ponti.

80 1292 145 1344 tum
168 1285 309 1344 iuuenem
332 1285 492 1363 tranquilla
515 1295 603 1347 tuens
627 1304 682 1346 nec
706 1287 807 1347 fronte
832 1290 989 1353 timendus

81 1363 208 1452 occupat
232 1381 262 1433 et
285 1374 346 1434 ticti
369 1373 419 1434 dat
441 1374 545 1434 uultus
568 1374 701 1454 pondera
723 1375 821 1436 dictis,
1118 1424 1122 1441 1

82 1456 600 1544 ρ11111111111111111111111,1111111111
623 1481 698 1543 quae
720 1463 880 1544 pulchrior
904 1470 991 1550 actis,
1061 1474 1085 1524 tt
1120 1468 1122 1503 ³

82 1552 179 1613 adnue
203 1551 299 1631 daque
323 1555 462 1613 animum.
509 1554 605 1613 nostri
628 1551 665 1612 de
689 1554 835 1630 sanguine
859 1553 993 1617 Phrixus

84 1639 228 1702 Cretheos
252 1649 286 1701 ut
308 1643 419 1720 patrias
443 1641 552 1702 audisti
574 1641 713 1719 effugerit
735 1659 810 1701 aras,

83 1728 163 1789 hunc
188 1730 270 1790 ferus
293 1730 414 1812 Aeetes,
438 1729 587 1809 Scythiam
610 1728 789 1808 Phasimque
813 1731 968 1808 rigentem

84 1819 136 1894 qui
160 1817 231 1878 colit
255 1811 328 1901 (heu
352 1821 451 1897 magni
475 1818 552 1878 Solis
574 1812 715 1900 pudorl),
737 1817 858 1898 hospita
881 1823 957 1882 nina

84 1993 126 2054 nil
149 1997 246 2056 nostri
268 1995 431 2074 diuumque
454 2012 576 2056 memor.
622 1993 683 2055 non
706 1996 811 2055 nuntia
833 2002 956 2058 tantum
1059 2002 1083 2053 lt

84 2083 161 2143 lama
184 2084 291 2144 refert:
315 2086 414 2162 ipsum
436 2086 577 2145 iuuenem
599 2091 660 2145 tam
683 2102 771 2144 saeua
794 2094 977 2168 gementem,

83 2173 183 2249 ipsum
206 2189 274 2252 ego,
298 2189 367 2231 cum
390 2190 476 2232 serus
500 2174 595 2232 fessos
619 2191 709 2252 sopor
732 2171 831 2250 alligat
854 2180 948 2257 artus,

83 2261 208 2340 aspicio,
231 2259 329 2320 lacera
352 2259 483 2321 adsiduis
506 2269 630 2338 tumque
652 2262 732 2322 illius
754 2259 863 2321 umbra

84 2345 239 2424 questibus
263 2355 294 2407 et
316 2351 414 2425 magni
438 2367 549 2408 numen
572 2352 663 2409 maris
682 2353 793 2410 excitat
815 2349 910 2412 Helle.
1061 2359 1086 2410 st

84 2435 108 2493 si
132 2432 205 2493 mihi
229 2453 304 2512 (puae
328 2435 478 2513 quondam
500 2440 596 2518 uires,
619 2447 652 2499 ut
675 2439 806 2518 pendere
828 2457 944 2517 poenas

83 2520 223 2582 Colchida
246 2524 305 2582 iam
328 2531 358 2584 et
380 2527 460 2601 regis
484 2534 574 2603 caput
596 2526 645 2587 hic
669 2528 764 2607 adque
788 2544 870 2588 arma
893 2527 1027 2591 uideres!

82 2609 153 2669 olim
177 2611 262 2669 annis
285 2609 333 2669 ille
358 2611 446 2670 ardor
469 2611 572 2694 hebet,
596 2616 724 2677 necdum
747 2633 813 2676 mea
835 2615 937 2694 proles

82 2700 207 2776 imperio
232 2706 262 2758 et
284 2697 354 2759 helli
376 2698 467 2760 rebus
490 2709 606 2763 matura
629 2707 771 2783 marique.

82 2795 129 2870 tu,
153 2789 202 2847 cui
224 2789 283 2847 iam
306 2806 456 2868 curaeque
479 2793 584 2870 uigent
606 2795 754 2873 animique
779 2792 890 2875 nudes,
1059 2800 1087 2851 ss

82 2878 106 2960 i,
130 2876 221 2937 decus
246 2885 275 2937 et
299 2880 417 2956 pecoris
440 2879 600 2960 Nephelaei
623 2883 734 2942 uellera
758 2881 845 2941 Graio

84 2966 176 3027 redde
199 2965 281 3027 tholo
306 2986 339 3027 ac
362 2969 453 3029 tantis
476 2977 569 3031 temet
592 2970 713 3049 dignare
736 2965 876 3051 periclis?

84 3055 192 3116 talibus
217 3055 353 3118 hortatm
375 3059 530 3140 iuuenem,
552 3061 733 3138 propiorque
757 3058 872 3118 iubenti

83 3146 228 3204 conticuit
252 3154 348 3206 certas
374 3146 511 3225 Scythico
535 3164 716 3207 concurrere
738 3153 830 3222 ponto

84 3227 215 3306 Cyaneas
239 3242 381 3313 tantoque
405 3234 473 3294 silet
494 3253 631 3315 possessa
654 3234 782 3292 dracone

82 3316 207 3398 uellera,
231 3322 391 3383 multifidas
413 3325 493 3400 regis
517 3341 606 3402 quem
628 3319 686 3379 filia
709 3319 824 3394 linguas

82 3399 251 3464 uibrantem
275 3427 312 3468 ex
335 3411 429 3488 adytis
453 3418 541 3470 cantu
564 3407 746 3488 dapibusque
765 3404 891 3467 uocabat

82 3495 113 3547 et
136 3487 223 3550 dahat
247 3502 370 3555 externo
394 3498 516 3558 liuentia
539 3497 625 3557 mella
648 3509 772 3557 ueneno.
