2376 3938
61 188 127 250 vc
501 183 617 254 pinna
635 183 669 240 u.

84 333 146 413 bus
170 349 396 429 constravisse,
420 348 560 412 exercitu
585 345 753 410 Graeciam
778 346 999 430 complevisse,
1023 349 1099 408 adra
1175 395 1176 401 ,

84 439 191 521 ipsum
212 437 414 502 subtexuisse
435 436 551 501 iaculis
576 439 608 498 et
632 435 773 517 sagittis,
797 439 926 518 gentem
944 433 1097 497 Persidos

86 526 221 609 denique
246 525 470 609 superduxisse
495 523 739 607 captivitatibus
764 521 928 596 Graeciae.
973 520 1098 586 Lauda·

85 636 198 679 musne
221 614 323 700 igitur
346 614 414 677 eius
436 613 626 696 potentiam,
650 612 705 695 qui
728 611 808 676 haec
830 611 957 695 fecerit,
981 632 1021 674 an
1046 633 1097 674 ex-

58 722 261 782 ssecramur,
290 702 376 786 quod
402 703 497 766 urbes
522 698 677 764 Graeciae
701 701 844 784 spolians
868 722 960 764 suam
983 699 1098 763 barba-

85 793 166 856 riem
203 790 479 874 frequentaverit?
534 787 618 864 Quid
651 809 727 872 ergo
765 789 805 852 ad
840 789 920 853 haec
953 788 1100 871 exempla

86 879 305 944 Alexandrum
320 877 554 963 provocamus?
574 877 630 961 qui
646 875 842 941 Graecorum
860 876 998 960 quidem,
1013 876 1099 958 quis-

87 989 148 1051 que
168 967 231 1032 sibi
250 966 416 1049 restiterit,
439 988 506 1030 non
525 966 707 1050 captivitati
727 965 894 1045 addixerit,
919 965 974 1028 sed
997 965 1099 1028 victo-

86 1057 153 1120 riae
172 1055 370 1119 liberalitate
394 1055 568 1118 correxerit
591 1076 718 1137 unaque
742 1075 849 1118 secum
874 1054 1017 1137 coegerit
1040 1052 1098 1115 mi-

47 1163 73 1203 ro
87 1144 192 1227 litare,
207 1142 372 1225 professus
386 1143 496 1225 palam
511 1144 543 1205 id
559 1164 628 1206 esse
643 1146 754 1206 votum
769 1163 871 1228 regno
887 1146 920 1205 et
934 1140 1098 1225 potentiae

88 1249 177 1314 suae,
204 1234 242 1293 ut
270 1231 391 1295 amicos
416 1230 544 1313 quidem
569 1230 721 1294 adficeret
744 1230 933 1315 beneficiis,l
949 1230 1098 1294 inimicos

86 1341 162 1384 vero
182 1319 406 1383 transduceret
430 1319 469 1382 ad
489 1319 659 1384 amicitias.
696 1317 788 1394 Quod
812 1320 839 1383 si
863 1319 896 1383 id
919 1318 968 1382 illi
986 1323 1098 1382 votum

87 1411 119 1472 et
146 1408 352 1490 propositum
375 1407 452 1492 fuit,
479 1407 693 1471 Athenienses
722 1429 796 1489 nos,
825 1409 879 1492 qui
904 1407 998 1471 amici
1022 1407 1100 1470 Ale-

86 1496 209 1560 xandro
237 1495 407 1578 fuerimus,
436 1496 490 1579 qui
518 1495 707 1580 magisteria
733 1499 847 1560 nostra
876 1496 979 1565 eidem
1007 1517 1099 1578 prae-

48 1602 74 1642 15
88 1585 259 1664 iverimus
298 1584 421 1648 inimici
459 1588 552 1648 tanto
589 1585 657 1649 viro
696 1585 855 1648 malumus
894 1606 964 1647 esse
1001 1605 1098 1666 quam

89 1673 207 1741 amici?
256 1672 293 1737 ld
323 1696 399 1738 vero
428 1693 489 1755 ego
517 1673 580 1737 dici
607 1676 700 1756 turpe
728 1672 981 1736 Atheniensibus
1009 1676 1098 1756 puto,

88 1761 158 1825 ficri
180 1783 276 1845 posse
304 1783 401 1846 porro
429 1783 495 1826 non
523 1761 672 1826 arbitror.
703 1757 825 1844 'Turpe
849 1761 936 1825 enim
961 1765 1010 1824 est
1038 1783 1098 1824 nos

89 1850 227 1934 quidem,
251 1853 306 1934 qui
329 1851 379 1915 illi
398 1850 547 1934 magistri
566 1849 731 1933 fuerimus,
755 1850 889 1913 consilio
913 1849 1100 1933 impruden-

88 1939 235 2004 tissimos
263 1939 469 2023 deprehendi,
499 1939 592 2003 illum
622 1941 749 2017 autem,
780 1938 834 2020 qui
865 1959 884 2001 a
913 1938 1009 2002 nobis
1039 1937 1098 2001 has

49 2045 75 2087 20
90 2028 298 2093 scientiarum
318 2031 404 2092 artes
424 2027 592 2111 acceperit,
614 2027 788 2110 prudentia
806 2047 865 2089 nos
885 2029 918 2089 et
939 2026 1100 2110 sapientia

88 2137 286 2199 praevenire.

178 2200 235 2267 14.
269 2200 330 2266 Sed
357 2202 438 2267 haec
462 2203 659 2266 omittamus.
700 2202 751 2266 Ad
779 2203 837 2266 illa
859 2224 944 2266 nunc
968 2203 1094 2266 animos
1116 2210 1161 2260 18.

88 2290 254 2354 advertite.
305 2288 384 2365 Quis
416 2313 473 2354 rex
505 2294 702 2373 tyrannusve
736 2291 872 2375 quisque
902 2290 1098 2356 Graecorum

87 2379 321 2461 imperatorum
341 2378 528 2462 Aegyptum
547 2378 719 2462 aliquando
739 2378 870 2464 adgredi
891 2383 947 2443 ant
970 2380 1097 2443 inruere

47 2482 73 2524 aa
89 2488 186 2529 ausus
217 2471 282 2547 est,
315 2466 401 2549 quod
430 2467 485 2529 ille
516 2467 605 2531 solus
636 2489 709 2532 cum
740 2467 873 2532 deorum
904 2469 1098 2532 auctoritate

87 2553 186 2619 fecit?
224 2552 437 2618 Clementiam
456 2577 546 2618 suam
567 2577 680 2638 reapse
704 2556 750 2620 sic
773 2560 805 2619 et
828 2556 992 2621 beneficiis
1012 2579 1099 2621 com-

88 2642 262 2724 mendavit,
285 2645 323 2705 ut
345 2645 472 2706 tantam
495 2643 562 2708 illic
585 2645 698 2708 urbem
722 2645 900 2708 condiderit
923 2666 960 2709 ac
983 2645 1097 2709 funda-

82 2730 181 2814 verit,
205 2733 360 2813 quantam
385 2731 444 2795 sub
469 2731 556 2794 omni
580 2733 657 2796 orbe
680 2735 839 2797 terrarum
862 2733 987 2797 nullam
1010 2734 1098 2796 fama

177 2910 193 2958 2
213 2903 462 2958 subtexuisseffl
496 2903 725 2960 subterstravisse
744 2923 813 2962 corr.
832 2924 866 2961 ea
884 2904 1052 2960 subternisse
1063 2905 1097 2958 A.

88 2975 200 3033 etan
220 2976 305 3030 surr.
371 2980 386 3028 3
406 2973 592 3042 superdixisse
605 2976 638 3030 P.
708 2983 724 3030 8
743 2977 903 3046 captivitati
921 2975 1060 3029 addixerit
1070 2981 1097 3026 Τ.

88 3046 254 3117 captivitate
268 3045 380 3101 duxerit
393 3047 428 3100 A.
434 3046 467 3101 P.
506 3051 522 3098 9
541 3046 662 3100 correxit
675 3053 702 3100 Τ.
727 3047 851 3102 militare
865 3047 1006 3116 professus
1020 3061 1097 3113 pa-

9 3158 11 3163 »
88 3135 138 3176 cra.
157 3125 185 3175 Τ.
224 3125 256 3173 11
277 3117 416 3186 affligeret
434 3116 456 3185 (l
474 3120 649 3186 expunctum)
663 3118 695 3170 P.
735 3124 767 3171 12
787 3119 817 3171 id
835 3136 885 3172 om.
900 3124 926 3171 Τ.
966 3123 999 3168 14
1017 3131 1097 3183 prae-

87 3190 202 3245 ierimus
215 3190 248 3243 P.
277 3187 487 3258 praebuerimus
495 3193 523 3242 Τ.
572 3193 603 3241 15
623 3187 808 3243 mallumus'r.
838 3204 892 3255 quo
912 3187 1097 3240 malumusA.

88 3277 143 3329 quo
163 3259 312 3315 maluimus
331 3259 363 3314 P.
439 3264 471 3313 18
490 3257 747 3328 imprudentissimo
766 3260 802 3314 A.

177 3331 225 3386 14.
258 3337 292 3385 23
311 3332 446 3399 tyrannus
469 3330 515 3384 vel
539 3330 655 3398 quisque
678 3330 714 3383 A.
793 3334 828 3382 24
846 3327 1046 3397 imperatorum
1065 3326 1096 3378 P.

86 3401 287 3526 icnlrperattorem
295 3401 350 3525 ΑΛ
364 3406 398 3455 26
413 3401 494 3527 estbP.
514 3401 626 3525 eppetA.
655 3405 693 3524 ξθ
708 3399 883 3526 fefiffld’ill'
902 3397 1097 3523 ieeissllA'lt'

122 3487 314 3526 emenrasua
354 3488 452 3527 ‚rea
490 3488 519 3526 se
557 3487 655 3526 .sea
692 3487 766 3526 se.
871 3485 1051 3524 anum1os
1091 3510 1097 3522 .

89 3541 246 3595 condiderit
263 3543 298 3596 Α.
332 3543 498 3598 concederet
518 3543 551 3595 P.
618 3547 652 3597 28
672 3542 723 3596 sub
743 3541 818 3597 omni
837 3544 974 3596 terrarum
993 3540 1098 3593 nullam
