2362 3938
113 195 230 251 XXVIII
514 195 726 250 PRAEFATIO.

119 359 205 421 inter
236 379 269 421 se
301 358 469 441 scripsisse
498 359 695 423 ferebantur.
742 358 833 424 Unde
864 359 892 422 si
922 360 1003 423 nihil
1034 361 1133 445 aliud,

116 444 178 510 hoc
197 450 283 511 certe
303 451 438 531 apparet
457 446 633 511 Alexandri
653 469 725 511 cum
745 446 898 511 Dindimo
923 448 1131 514 collationem

115 537 191 598 ante
215 536 379 599 saeculum
403 558 524 599 nonum
548 536 704 619 scriptam
728 558 808 601 esse.

205 711 386 776 Pleniorem
411 714 604 795 apparatum
628 711 760 775 adhibui
780 712 815 775 in
834 713 942 776 verbis
961 712 1133 796 Epistolae

117 799 293 864 Alexandri
318 800 357 864 ad
381 800 592 864 Aristotelem
616 800 754 884 scriptae
779 801 1027 888 constituendis;
1058 807 1133 867 octo

116 888 202 953 enim
229 889 354 953 codices
383 889 518 972 contuli,
550 889 660 972 plures
690 889 824 972 inspexi.
875 890 983 973 Atque
1018 892 1133 954 collati

116 977 245 1060 quidem
269 980 345 1041 sunt
368 999 387 1040 a
410 998 461 1040 me
484 976 535 1040 hi:

149 1083 187 1148 L.
211 1113 252 1135 =
277 1081 404 1148 Codex
426 1082 629 1148 Leidensis
653 1082 835 1148 Vossianus
861 1083 896 1158 Q.
919 1084 961 1147 20
985 1087 1131 1168 membr„

275 1193 356 1235 saec.
371 1171 428 1253 IX,
447 1171 525 1235 olim
540 1172 625 1236 forte
642 1171 775 1236 Adriani
791 1193 807 1234 e
822 1171 996 1255 Riccobiis‚
1014 1179 1131 1257 postea

276 1259 318 1326 Ia.
342 1258 454 1324 Vossii
477 1259 534 1324 Nr.
549 1262 622 1325 204.
658 1261 710 1342 (cf.
734 1260 845 1324 Waltz
869 1261 904 1323 in
927 1259 1047 1324 Pertzii
1070 1264 1130 1325 Ar·

278 1348 377 1412 chivii
386 1370 472 1413 nova
481 1349 561 1412 serie
572 1347 733 1413 TomVlI
744 1345 861 1434 (1882)
872 1372 901 1432 p.
910 1349 989 1433 3093
1000 1349 1132 1435 Zachaei,

274 1436 335 1500 Iul
350 1437 423 1501 Val.
441 1435 529 1520 Epit.
547 1460 578 1521 p.
593 1435 647 1522 V.)

144 1541 186 1607 B.
210 1573 252 1594 =
277 1543 402 1608 Codex
421 1542 624 1607 Parisinus
640 1542 711 1606 Lat.
722 1541 819 1608 8518.
837 1545 970 1610 membr.
985 1541 1028 1609 8⁰.
1044 1567 1128 1611 saec.

274 1630 487 1695 Xcontinens
506 1655 537 1715 p.
555 1633 673 1696 1—62
693 1631 883 1715 Epitomam
901 1633 976 1696 Iulii
995 1633 1129 1718 Valerii,

275 1743 306 1804 p.
321 1721 451 1784 63-96
466 1721 653 1804 Epistolam
664 1721 841 1785 Alexandri
856 1722 894 1785 ad
909 1722 1130 1805 Aristotelem,

276 1808 315 1873 cf.
338 1807 461 1894 Berger
485 1810 523 1873 de
546 1809 673 1893 Xivrey,
696 1808 830 1874 Notices
851 1813 884 1874 et
901 1809 1048 1878 Extraits
1074 1813 1130 1876 des

276 1897 437 1964 Manuscr.
467 1897 558 1964 Tem.
581 1898 670 1964 Xlll.
704 1897 796 1963 Paris
823 1899 920 1982 1838,
951 1922 981 1982 p.
1000 1900 1065 1966 209
1083 1923 1130 1984 sq.

148 2000 188 2066 G.
211 2032 253 2054 =
279 2000 404 2066 Codex
432 2002 762 2088 Guelferbytanus
793 2003 853 2068 Ms.
881 2006 965 2088 Aug.
993 2006 1045 2072 56.
1081 2008 1130 2071 16.

275 2089 471 2258 {hvmplmba
491 2113 572 2156 saec.
589 2090 629 2154 X.
666 2093 704 2156 cf.
724 2091 854 2174 Zacher,
873 2090 933 2155 Iul.
950 2091 1021 2157 Val.
1040 2095 1131 2177 Epit.

137 2281 186 2346 M.
211 2311 253 2332 =
278 2279 406 2345 Codex
433 2280 634 2346 Leidensis
658 2281 840 2347 Vossianus
866 2283 1000 2348 Latinus
1028 2285 1064 2360 Q.
1083 2287 1128 2349 29

275 2370 408 2432 membr.
439 2391 521 2435 saec.
548 2369 595 2453 X,
626 2370 703 2433 olim
733 2370 950 2436 bibliothecae
982 2371 1128 2437 Melchis.

275 2457 455 2536 Thevenot,
483 2461 597 2540 postea
624 2457 668 2523 Is.
691 2457 802 2522 Vossii
831 2459 903 2524 179.
950 2457 1004 2544 (cf.
1034 2461 1129 2525 Pertz

275 2545 404 2610 Archiv.
437 2544 516 2628 Vll,
544 2547 624 2628 1373
662 2545 798 2628 Zacher,
835 2546 894 2612 lul.
926 2547 1000 2612 Val.
1038 2548 1129 2632 Epit.

139 2741 184 2806 H.
208 2771 249 2792 =
275 2738 400 2804 Codex
442 2739 644 2804 Leidensis
690 2739 847 2807 Biblioth.
889 2741 979 2808 Publ.
1021 2742 1128 2807 Latin.

274 2827 331 2891 Nr.
351 2828 402 2892 20.
424 2828 480 2893 fol.
508 2829 643 2894 membr.
670 2829 757 2893 binis
781 2831 939 2896 columnis
964 2853 1044 2896 saec.
1064 2831 1128 2895 Xll

275 2917 432 3000 scriptus,
470 2918 547 2982 olim
581 2916 801 2983 Bibliothecae
834 2917 1128 3003 Benedictinorum‚

276 3028 363 3157 qpap)
375 3009 446 3158 errtat
461 3006 496 3070 in
513 3006 948 3161 ¹¹3⁰n2⁵lehri⁰⁰Nimatiiife
965 3006 1129 3161 Befgssnsl‘

276 3116 314 3161 c.
365 3117 499 3158 ezrum
526 3119 560 3160 1n
615 3119 649 3162 rc
687 3119 731 3160 vn
782 3117 842 3161 om.
980 3147 988 3162 .
1094 3120 1109 3160 e

275 3182 453 3248 Waitzium
484 3184 517 3248 in
557 3185 699 3249 eiusdem
731 3182 877 3249 Archivii
919 3120 1005 3250 iota
1047 3187 1129 3249 serie

275 3271 365 3336 Tom.
380 3272 446 3336 VII
467 3270 583 3359 (1882)
602 3297 633 3357 p.
650 3270 724 3338 385.
765 3271 956 3356 Ravaisson‚
980 3273 1130 3357 Rapport

275 3382 316 3423 au
346 3360 493 3424 Ministre
522 3361 560 3424 de
588 3359 706 3424 l'Instr.
734 3359 825 3426 Publ.
855 3384 908 3425 sur
936 3362 982 3425 les
1011 3363 1127 3426 biblio·

274 3448 409 3532 theques
434 3449 489 3513 des
513 3449 582 3532 dep.
607 3448 645 3511 de
668 3448 784 3512 l'ouest
807 3448 879 3515 Par.
903 3451 989 3514 1843
1015 3450 1128 3513 ‘Tituli

273 3536 430 3599 librorum
459 3535 630 3602 Beccensis
656 3535 809 3600 Almarii'
838 3559 869 3620 p.
889 3539 968 3622 3853
998 3538 1130 3622 Zacher,
