2362 3938
51 193 93 258 78
474 191 582 246 LIBER
599 193 633 246 ll.

49 355 121 421 sitis
140 376 227 438 vero,
251 377 293 420 ne
316 355 393 439 quid
416 354 592 420 infaustius
617 352 729 435 dicam,
753 376 879 439 semper
903 358 938 422 iu
962 356 1063 421 armis

49 448 82 509 et
104 441 271 527 proeliis'l'
313 443 352 508 ln
375 442 678 514 hancsententiam
701 443 932 511 Demosthenis
957 445 1062 510 omnis
1081 448 1113 503 V.

48 530 296 597 Atheniensium
319 553 474 597 numerus
499 532 706 616 congruebat.
748 532 901 598 Decernit
925 535 1063 618 denique
1081 523 1123 574 20.

49 641 203 686 coronam
238 640 368 686 auream
401 620 587 684 Alexandro
623 641 692 684 esse
725 621 918 687 mittendam
952 622 1062 707 pondo

22 709 287 795 squinquaginta
305 708 551 791 consultumque
574 707 695 773 ordinis
715 709 775 793 sui,
797 732 861 794 quo
881 713 1063 796 gratiarum

50 800 136 864 actio
160 802 338 881 teneretur,
366 819 431 861 una
454 795 585 881 legatis,
609 796 665 880 qui
688 797 933 864 honoratissimi
954 800 1063 865 forent

50 888 118 952 eius
141 887 245 970 urbis,
273 886 446 950 dummodo
473 886 513 950 ab
537 885 596 949 illa
625 889 792 952 oratorum
815 889 1062 953 transmissione

49 979 292 1060 temperaretur.
337 973 487 1040 Proieota
515 995 592 1058 ergo
619 975 741 1059 legatio
771 998 845 1041 cum
875 977 962 1060 apud
990 977 1061 1040 Pla·

49 1067 140 1129 taeas
177 1084 288 1148 regem
318 1061 540 1127 Alexandrum
576 1063 762 1129 offendisset
800 1065 1062 1151 insinuassetque

9 1151 204 1216 remandata
231 1156 264 1216 et
291 1150 521 1215 Demosthenis
551 1173 614 1215 una
643 1153 829 1218 suasionem
857 1175 1061 1220 consensum-

49 1261 110 1324 que
129 1238 408 1323 Amphictyonum
431 1240 664 1325 universorum,
687 1241 727 1306 ad
751 1242 908 1308 eiusmodi
929 1264 1059 1327 respon-

49 1349 119 1394 sum
142 1329 229 1413 regis
253 1328 472 1392 benivolentia
495 1329 644 1411 protinus
667 1331 875 1396 transfertur:

140 1415 197 1484 16.
235 1416 434 1481 ‘Scriberem
457 1416 563 1498 vobis,
590 1417 819 1503 Athenienses,
847 1424 884 1484 ut
907 1442 976 1502 rex,
1005 1421 1059 1484 sed
1078 1425 1123 1474 21-

48 1506 89 1570 ab
109 1505 170 1571 hac
188 1526 240 1570 me
260 1505 477 1589 appellatione
497 1505 687 1590 distulerim,
708 1508 860 1573 donicum
879 1509 968 1573 omni
986 1509 1058 1572 bar-

8 1594 142 1660 robaria
160 1595 336 1678 subiugata
355 1593 498 1659 adfectus
517 1594 571 1659 hic
589 1617 679 1660 meus
698 1598 824 1661 nomini
843 1598 966 1662 Graeco
985 1618 1057 1681 pro-

47 1682 145 1748 ficiat.
197 1683 295 1746 Enim
325 1684 479 1766 quoniam
508 1683 699 1767 iampridem
730 1687 922 1771 scripseram
951 1685 1059 1750 decern

48 1773 195 1835 oratores
218 1774 343 1835 vestros
373 1772 413 1835 ad
441 1793 493 1835 me
517 1772 685 1858 destinari,
713 1775 800 1858 quod
827 1797 938 1839 eorum
965 1775 1060 1857 culpa

46 1858 313 1942 inobsequentiae
337 1861 566 1946 argueremini,
590 1864 671 1927 scire
695 1886 752 1928 vos
776 1886 835 1947 par
859 1867 909 1928 est
932 1886 998 1928 nou
1021 1884 1059 1926 eo

48 1969 100 2012 me
117 1947 205 2012 istud
226 1948 361 2014 consilio
380 1949 503 2035 fecisse,
529 1973 592 2035 quo
612 1953 793 2034 potentiam
812 1974 917 2017 meam
940 1953 975 2015 in
996 1973 1060 2034 eos,

8 2055 34 2096 ao
49 2058 187 2121 quorum
201 2036 380 2120 disciplinis
395 2038 566 2104 institutus
586 2061 698 2122 essem,
717 2041 835 2122 aliquis
852 2041 1061 2122 experiretur.

46 2124 177 2189 Etenim
206 2126 235 2189 si
262 2126 294 2189 id
322 2127 411 2192 facto
435 2148 516 2210 opus
545 2131 645 2211 esset,
674 2128 784 2210 utique
812 2149 877 2191 una
905 2148 978 2190 curn
1008 2148 1059 2188 ex-

47 2213 149 2278 ercitu
176 2215 358 2298 martioque
386 2219 508 2280 terrore
537 2215 577 2278 ad
602 2218 710 2279 vestra
737 2215 865 2278 moenia
893 2217 1058 2276 transcen-

47 2300 175 2366 dissem.
216 2299 278 2366 Sed
299 2305 452 2386 quoniam
474 2303 556 2367 haec
579 2302 754 2367 ostentatio
778 2302 907 2365 inimica
931 2301 981 2364 vel
1000 2300 1057 2363 ho-

47 2389 129 2453 stica
161 2393 225 2473 est,
257 2390 375 2454 idcirco
407 2390 678 2473 prudentissimos
709 2393 854 2455 vestrum
887 2389 1057 2453 convenire

6 2495 32 2538 as
47 2478 218 2563 conloquio
242 2500 313 2542 meo
337 2479 450 2557 malui,
476 2482 512 2543 ut
534 2500 607 2543 cum
630 2479 681 2543 his
701 2478 878 2543 communis
898 2480 1059 2543 commodi

46 2566 243 2652 disceptator
276 2567 419 2631 suhsioui
450 2571 556 2632 metus
589 2589 646 2632 vos
681 2567 855 2632 formidine
890 2568 1057 2634 solverem.

45 2654 221 2720 Enimvero
241 2677 307 2738 vos,
331 2655 387 2739 qui
406 2656 603 2720 conscientia
623 2657 860 2740 premeremini,
884 2657 967 2722 nihil
991 2680 1057 2722 om·
1077 2664 1123 2716 22.

45 2743 124 2806 nino
153 2746 299 2808 sanctum
328 2765 404 2829 erga
432 2765 504 2808 mea
532 2745 686 2829 obsequia
715 2747 952 2830 consultantes,
981 2748 1058 2832 quin

47 2832 147 2896 etiarn
176 2832 378 2916 explorantes
406 2832 557 2897 idoneum
581 2837 724 2920 tempus,
748 2854 814 2919 vquo
839 2858 928 2901 meos
955 2835 1059 2901 Mace-

137 2992 151 3040 1
171 2989 276 3057 nequid
285 2988 320 3045 A.
329 2989 362 3044 P.
381 2989 452 3043 nihil
461 2996 488 3042 ’1.
535 2995 551 3043 2
571 2989 785 3046 Demostenis'r.
805 2989 968 3045 Demosteni
977 2991 1013 3044 A.
1021 2991 1054 3043 P.

47 3058 202 3128 3denique
222 3061 290 3114 M.
316 3060 413 3128 itaque
434 3060 468 3113 P.
523 3065 540 3114 5
559 3076 613 3127 quo
632 3061 710 3116 A.P.
735 3079 845 3130 quoquo
865 3068 892 3116 Τ.
946 3066 962 3114 6
983 3061 1056 3115 actio

45 3129 188 3183 teneretur
206 3136 233 3182 Τ.
262 3131 372 3184 actione
391 3129 532 3185 videretur
549 3132 585 3185 A.
593 3131 627 3187 P.
670 3133 909 3200 8tcmperaretur
927 3137 954 3183 ’1.
983 3134 1054 3184 tem-

44 3201 219 3268 perarantA.
229 3200 263 3253 P.
306 3199 780 3257 10suasionem1.suasioneA.P.
824 3209 854 3255 11
874 3200 1056 3270 Amphictyo-

44 3271 190 3326 numMai.
210 3288 243 3326 ac
257 3270 451 3327 factionumA.
471 3290 507 3326 an
521 3272 674 3326 factionum
681 3273 715 3326 P.
754 3278 786 3326 12
802 3269 1054 3327 benivolentiam'r.

43 3342 188 3396 transferri
202 3343 238 3397 A.
261 3342 396 3397 transfert
408 3342 441 3398 P.
465 3343 614 3398 transferet
628 3345 699 3411 ’1.(1)
718 3359 787 3398 corr.
803 3343 874 3396 Mai.

134 3413 182 3468 16.
203 3418 236 3466 14
254 3431 299 3468 me
314 3420 340 3467 Τ.
347 3414 382 3469 A.
406 3413 461 3467 mei
478 3414 512 3469 P.
536 3415 623 3469 donec
637 3414 710 3468 A.P.
764 3418 795 3466 15
815 3411 931 3468 affectus
945 3419 972 3468 1¹.
980 3414 1014 3480 (r)
1021 3415 1054 3468 P.

44 3483 128 3550 (qaod
146 3486 216 3539 coni.
236 3486 303 3540 Mai
320 3487 352 3539 ia
370 3486 411 3540 ed.
431 3486 490 3556 alt.)
508 3486 622 3542 effectus
640 3485 675 3543 A.
725 3489 759 3538 21
780 3483 854 3538 enim
872 3490 899 3537 1.
946 3489 980 3538 26
1000 3484 1054 3539 for-

43 3552 178 3608 midinem
197 3556 232 3611 A.
306 3561 339 3610 21
360 3556 560 3613 conscientiam
578 3558 614 3611 A.
686 3559 721 3611 ‘28
740 3559 798 3612 sc‘n‘r
811 3561 839 3610 1.
848 3555 882 3611 P.
911 3561 969 3610 sem
983 3558 1019 3611 A.
