2362 3938
137 153 182 218 50
484 152 514 208 C.
533 151 670 206 vatent
687 152 817 207 undeet

139 305 181 362 sic
204 318 320 380 pugnae
344 301 495 362 crudescit
518 319 607 379 opus3
626 318 724 378 neque
746 302 827 360 euim
849 303 937 378 ignea
961 302 1078 364 cedunt
1109 311 1161 365 210'

138 398 217 450 astra
240 389 318 470 loco,
341 388 430 450 lentis
452 389 556 450 haeret
579 407 637 448 uox
660 391 779 449 conscia
801 386 887 467 bigis.

137 497 228 558 perge
251 496 305 557 age
328 478 487 539 Tartareae
510 495 627 538 mecum
650 476 739 537 simul
761 479 860 536 omnia
884 481 992 558 noctis,

137 567 233 648 Musa,
257 568 351 645 sequi.
397 566 543 645 trepidam
566 565 698 625 Phaeton
722 564 842 627 addauit
864 565 900 626 ab
924 566 985 627 alto

138 655 320 735 Tisiphonen
343 657 522 733 grauiorque
545 654 627 714 locos
650 655 709 713 iam
730 653 797 714 luce
820 657 990 733 propinqua

137 743 242 804 umbra
255 745 378 823 premit3
401 762 461 803 non
484 745 567 821 signa
589 744 699 823 uirum,
722 760 782 801 nou
796 742 902 803 lunera
916 753 1058 826 cernunt,
1105 759 1153 807 215

136 842 168 893 et
189 831 271 892 rabie
295 834 387 910 magis
410 849 463 891 ora
486 831 591 892 calent.
637 849 692 891 uos
715 830 847 910 prodite,
868 831 965 912 diuae,

125 921 335 993 ¹Eumenidum
359 922 513 998 noctisque
536 919 652 999 globos,
676 921 796 997 natique
819 927 952 998 patescat

137 1027 288 1069 armorum
311 1010 410 1087 fragor
432 1017 463 1067 et
486 1007 577 1087 tepidi
600 1006 780 1086 singultibus
803 1009 866 1086 agri

136 1096 288 1156 labentum
311 1097 407 1174 adque
430 1098 489 1155 acti
510 1095 617 1174 Minyis
639 1114 694 1174 per
715 1095 804 1155 litora
827 1113 936 1156 manes.

180 1184 302 1263 Cyzicus
326 1182 374 1243 bic
397 1185 490 1243 aciem
512 1185 598 1243 uanis
621 1183 806 1244 discursibus
828 1183 931 1262 implet
1102 1199 1151 1248 220

136 1273 194 1332 lata
214 1272 350 1350 tralreus3
373 1273 431 1330 iam
454 1271 539 1350 pulsa
563 1271 619 1331 sibi
643 1274 769 1332 cessisse
792 1271 950 1350 Pelasgum

136 1362 266 1440 agmina,
289 1362 347 1419 iarn
369 1362 480 1438 passim
502 1378 614 1420 uacuos
637 1362 762 1421 disiecta
784 1379 838 1439 per
861 1379 948 1439 agros

136 1449 232 1509 credit
254 1466 361 1527 ouans3
385 1447 458 1508 tales
482 1467 586 1529 ausus,
609 1467 643 1508 ea
666 1449 772 1527 gaudia
795 1450 879 1527 tingit

135 1542 179 1598 ira
202 1538 299 1598 deum.
345 1537 437 1596 fundo
460 1537 555 1597 ueluti
578 1555 647 1597 cum
671 1538 767 1597 Coeus
789 1539 821 1597 in
844 1540 903 1597 imo

134 1627 233 1687 uincla
255 1627 335 1686 louis
355 1627 508 1705 lractoque
532 1625 652 1686 trahens
676 1625 828 1686 adamante
852 1634 972 1687 catenas
1097 1641 1148 1690 225

135 1715 297 1775 Saturnum
320 1713 497 1793 Tityumque
521 1723 609 1774 uocat
632 1732 774 1793 spemque
798 1714 929 1774 aetheris
952 1733 1057 1777 amens

135 1805 276 1884 concipit,
300 1811 344 1862 ast
367 1803 450 1863 illum
472 1802 572 1862 lluuiis
595 1810 626 1862 et
649 1810 735 1862 nocte
758 1804 898 1862 remersit

134 1891 332 1953 Eumenidum
355 1893 438 1951 canis
460 1899 491 1951 et
512 1908 632 1970 sparsae
655 1890 724 1950 iuba
747 1889 878 1968 reppulit
899 1889 1021 1970 hydrae.

135 1983 230 2041 saeuit
253 1979 358 2040 acerba
382 1981 513 2040 fremens
535 1979 712 2056 tardumque
736 1997 752 2037 a
775 1977 931 2038 moenibus
955 1998 1063 2058 agmen

134 2071 307 2147 increpitat:
332 2063 544 2147 ‘numquamne
569 2067 653 2127 dolor
675 2068 832 2145 uirtusque
857 2066 970 2128 subibit
1101 2078 1150 2132 deo

134 2158 176 2216 nil
199 2175 285 2217 ausas
309 2158 372 2215 sine
396 2175 466 2234 rege
490 2152 617 2216 manus?
640 2164 669 2215 at
692 2154 817 2215 barbara
839 2154 937 2216 buxus

134 2247 160 2304 si
184 2251 272 2304 uocet
295 2251 325 2303 et
347 2246 436 2305 motis
460 2245 605 2305 ulutantia
627 2243 770 2322 Dindyma
793 2245 895 2325 sacris,

133 2342 205 2393 tunc
229 2334 310 2391 ensis
332 2332 429 2412 placet
452 2343 540 2411 atque
563 2333 660 2411 furor,
683 2332 770 2392 modo
794 2331 852 2392 tela
874 2333 1015 2394 sacerdos

131 2423 265 2500 porrigat
288 2428 318 2480 et
340 2422 421 2480 iussa
444 2424 564 2499 sanguis
587 2420 732 2481 exuberet
753 2415 843 2481 ulna?

131 2507 241 2569 talibus
263 2507 410 2568 insultans
432 2509 605 2569 iamdudum
627 2510 749 2568 numine
773 2509 859 2569 diuae
1096 2522 1148 2571 aaa

132 2597 244 2675 delicit3
268 2596 387 2656 infracti
409 2597 606 2674 languescunt
628 2598 739 2675 frigore
763 2615 884 2676 cursus3
945 2629 948 2633 ·

131 2684 221 2744 corda
243 2691 368 2763 pauent3
387 2685 468 2745 audit
491 2685 628 2745 fremitus
651 2687 770 2764 irasque
793 2685 914 2745 leonum

132 2790 302 2851 cornuaque
327 2781 357 2832 et
378 2767 473 2833 motas
496 2774 579 2834 uidet
601 2776 681 2833 inter
704 2773 804 2834 nubila
827 2782 935 2834 turres.

78 2874 81 2879 '
130 2871 202 2923 tunc
226 2862 327 2941 grauis
350 2869 380 2921 et
402 2869 485 2921 certo
508 2862 636 2922 tendens
659 2863 787 2923 stridore
810 2880 865 2941 per
886 2861 1025 2922 umbram

130 2953 250 3012 Aesonii
272 2951 357 3011 uenit
378 2950 462 3009 basta
485 2950 570 3011 ducis
592 2950 744 3030 latumque
768 2951 824 3012 sub
847 2953 906 3012 imo
1041 2998 1044 3003 .
1093 2963 1147 3012 240

130 3048 252 3119 pectore
275 3039 388 3118 rumpit
410 3041 476 3099 iter.
523 3058 612 3118 quam
635 3059 716 3100 nunc
738 3042 888 3119 incognita
911 3039 1003 3100 uellet

129 3128 223 3189 lustra
246 3126 302 3187 sibi
326 3127 482 3206 nullosque
506 3129 589 3189 datos
613 3128 771 3188 uenatibus
794 3123 909 3188 annos?

129 3216 198 3276 talia
221 3218 399 3294 magnanimi
421 3216 542 3276 diuerso
566 3215 684 3276 turbine
708 3215 837 3275 lunduut

129 3303 187 3361 tela
210 3306 282 3383 uiri,
306 3306 481 3381 sonitusque
504 3304 615 3382 pedum
637 3308 835 3380 suspectaque
859 3310 942 3362 motu

128 3390 296 3471 explorant3
319 3399 461 3469 prensant
484 3393 581 3451 socios
605 3407 769 3467 uocemque
793 3397 965 3468 reposcunt,
1094 3405 1148 3452 aaa

126 3477 206 3555 quod
231 3481 256 3536 si
279 3486 361 3539 tauta
383 3480 448 3539 lues
471 3497 555 3538 seros
574 3479 711 3538 durasset
733 3479 764 3536 in
788 3486 881 3558 ortus,
