2376 3938
351 648 388 731 o.
408 582 590 732 'vnum
617 648 781 732 roton

219 826 907 926 ARGONAUTIOON

340 1015 491 1081 creua
515 1014 786 1085 suounnus.
850 1034 854 1039 ·

56 1358 174 1418 Interea
197 1357 345 1418 scelerum
367 1357 526 1436 luctusque
549 1360 671 1436 ignarus
693 1359 779 1419 lason

56 1447 114 1507 alta
137 1454 230 1526 secat3
253 1464 350 1526 neque
374 1449 453 1507 enim
475 1447 588 1526 patrios
612 1464 791 1524 cognoscere
816 1464 902 1507 casus

56 1535 130 1596 luno
155 1537 238 1616 sinit,
261 1535 366 1596 mediis
391 1535 498 1596 ardens
522 1552 560 1594 ne
583 1534 683 1595 ilectat
707 1534 854 1595 abundis

58 1642 90 1683 ac
114 1632 227 1685 temere
250 1625 282 1683 in
304 1623 406 1683 Pelian
429 1631 459 1684 et
482 1623 578 1683 adhuc
601 1621 750 1684 obstantia
772 1625 853 1702 regis
944 1637 947 1641 “

57 1713 116 1773 sata
138 1720 206 1772 ruat
228 1711 412 1791 placitosque
432 1711 496 1772 deis
518 1730 556 1772 ne
581 1711 697 1772 deserat
720 1720 813 1773 actus.
1055 1723 1072 1773 t

101 1800 221 1880 lamque
246 1800 331 1860 sretis
354 1817 485 1861 summas
508 1807 667 1880 aequatum
689 1800 793 1861 Pelion
816 1817 906 1859 ornos

56 1889 225 1969 templaque
248 1887 372 1949 Tisaeae
394 1898 535 1968 mergunt
557 1888 677 1969 obliqua
700 1889 818 1950 Dianae.

56 1981 115 2038 iam
139 1977 275 2038 Sciathos
298 1975 433 2038 subsedit
454 1979 552 2058 aquic,
574 1980 633 2038 iam
655 1977 742 2057 longa
765 1979 890 2038 recessit

58 2065 174 2146 Sepias3
197 2065 305 2126 attollit
327 2066 485 2127 tondentes
507 2065 614 2145 pabula
636 2066 757 2145 Magnes

28 2209 31 2211 a
57 2172 180 2233 campus
203 2172 310 2235 equos3
334 2154 445 2215 uidisse
468 2162 574 2234 putant
596 2153 736 2235 Dolopeia
759 2154 847 2216 busta

31 2264 33 2276 ·
55 2244 275 2322 intrantemque
299 2243 429 2322 Amyron
452 2261 561 2304 curuas
584 2246 717 2322 quaesita
739 2262 794 2324 per
817 2260 885 2303 oras

57 2348 199 2412 aequora,
222 2331 363 2392 flumineo
387 2333 473 2392 cuius
495 2331 651 2394 redeuntia
673 2341 765 2394 uento

56 2417 123 2479 uela
146 2419 256 2498 legunt.
302 2421 394 2480 remis
416 2421 597 2500 insurgitnr3
619 2421 688 2481 inde
713 2421 841 2482 salutant

56 2506 255 2588 Eurymenas3
278 2510 385 2587 recipit
407 2508 567 2587 uelumque
591 2509 760 2589 iretumqne
783 2525 926 2569 reuersus

57 2604 157 2656 auster
181 2597 264 2657 etin
288 2594 400 2657 nubem
421 2596 528 2676 Minyis
550 2598 755 2677 repetentibus
778 2598 870 2659 altum
1019 2606 1072 2656 -15
1140 2612 1143 2617 ¹

57 2682 132 2744 Ossa
156 2684 241 2745 redit.
287 2693 385 2745 metus
408 2703 478 2744 ecce
503 2684 592 2746 deum
615 2686 811 2766 damnataque
833 2683 911 2745 hello

55 2771 189 2853 Pallene,
213 2774 384 2852 circumque
408 2773 512 2834 uident
535 2776 663 2836 inmania
685 2783 818 2835 monstra

55 2862 242 2939 terrigenum
265 2861 346 2922 caelo
369 2860 519 2941 quondam
542 2861 698 2924 aduersata
720 2865 880 2941 gigantum,

57 2967 132 3026 quos
156 2949 286 3028 seopulis
309 2949 503 3029 trabibusque
526 2967 635 3030 parens
658 2953 795 3010 miserata
818 2949 955 3027 iugisque

56 3037 154 3097 induit
177 3046 206 3097 et
230 3056 335 3099 uersos
359 3040 490 3100 extruxit
512 3040 543 3098 in
567 3038 687 3100 aethera
709 3045 835 3098 montes.
1037 3048 1074 3100 20

56 3126 183 3203 quisque
207 3144 275 3186 suas
298 3128 330 3187 in
352 3145 428 3206 rupe
451 3129 546 3186 minas
568 3143 756 3206 pugnamque
780 3132 937 3204 metusque

56 3221 158 3274 seruat
181 3213 291 3295 adhuc;
315 3217 410 3293 quatit
433 3216 496 3293 ipse
520 3213 633 3275 hiemes
657 3223 688 3275 et
709 3221 830 3294 torquet
853 3212 889 3273 ah
912 3213 972 3275 alto

55 3300 180 3362 fulmina
204 3301 309 3364 crebra
331 3310 430 3382 pater;
449 3300 580 3381 scopulis
603 3303 655 3362 sed
678 3305 824 3364 maximus
846 3301 905 3362 illis

54 3388 164 3449 horror
188 3389 285 3472 abest,
309 3389 408 3451 Sicula
430 3408 554 3470 pressus
578 3389 684 3451 tellure
707 3390 876 3471 Typhoeus.

54 3476 135 3537 hunc
159 3479 320 3557 profugum
344 3487 374 3540 et
397 3496 496 3539 sacras
514 3487 726 3543 reuomentem
739 3488 871 3562 pectore
884 3478 1033 3539 hammes
1054 3485 1100 3532 ‘us
