2362 3938
101 183 165 247 132
516 180 627 235 LIBER
643 179 695 244 ΙΙΙ.

99 365 168 410 esse
188 342 323 429 dignum
342 343 476 428 cognitu
495 346 529 409 et
548 344 684 408 scientia
702 342 950 421 contendebant,
969 342 998 406 si
1017 345 1114 408 modo

96 432 216 496 mirum
239 432 365 497 homini
383 432 486 497 videri
504 436 617 516 posset
635 432 757 496 virecta
774 452 907 496 noscere
926 434 960 494 et
979 431 1116 496 arbusta

96 520 245 604 loquacia
269 521 310 585 ad
332 521 511 585 humanum
530 520 671 586 modum.
707 519 745 584 Id
768 520 909 604 primum
932 522 969 583 ut
992 520 1114 604 impos·

96 607 191 675 sibile
215 609 513 692 alienissimumque
536 612 655 674 natura
678 609 856 673 arbitratus
880 629 985 691 neque
1012 609 1115 675 credi-

70 697 208 762 sderam
231 701 263 762 et
285 698 470 764 renuebam.
513 695 576 762 Sed
599 697 850 781 persistentibus
874 697 1115 764 adserentibus-

97 806 173 870 que,
201 785 358 850 adsensus
385 806 454 850 sum
482 786 612 849 tandem
641 786 750 850 itineri
774 786 844 850 eius
866 788 987 869 terrae,
1016 808 1114 869 quam

97 875 145 938 sol
166 874 274 940 oriens
287 874 444 939 visitaret.
477 873 526 940 Eo
546 895 624 959 ergo
643 896 716 938 eum
733 875 943 959 venissemus,
961 875 1062 939 ducor
1080 877 1115 939 in

98 962 259 1046 quendam
283 963 390 1027 locum
410 961 581 1026 arboribus
601 963 762 1027 consitum
786 963 838 1027 vel
862 962 1113 1029 amoenissimis.

98 1050 196 1116 Hunc
218 1051 268 1116 illi
285 1050 472 1134 paradisum
491 1051 683 1118 vocitavere.
720 1050 896 1115 Enimvero
921 1055 1114 1135 conseptum

59 1162 85 1201 ιο
100 1141 221 1204 viseres
244 1161 311 1204 non
330 1139 485 1203 materiae
504 1139 720 1218 circumiectu,
742 1160 855 1205 verum
875 1140 1028 1204 arborum
1051 1141 1113 1205 fre-

98 1228 232 1311 quentia
255 1227 570 1292 eircumsistentium.
615 1226 759 1293 Deorum
788 1249 916 1292 sacrum
940 1226 1027 1293 Solis
1050 1229 1113 1293 Lu-

97 1336 221 1399 naeque
245 1337 315 1380 esse
340 1315 503 1398 dicebant3
530 1337 606 1380 narn
631 1320 664 1381 et
686 1317 781 1381 aedes
804 1317 992 1401 templaque
1016 1339 1114 1402 opere

97 1405 240 1469 naturali
269 1404 359 1470 bisce
392 1403 454 1468 diis
487 1403 608 1468 ibidem
637 1405 831 1470 intrinsecus
861 1406 998 1488 visereS,
1032 1407 1112 1472 duas

98 1515 175 1558 vero
199 1493 332 1559 arbores
357 1493 481 1558 caelum
505 1491 606 1557 ferme
624 1493 819 1579 proceritate
842 1494 1048 1579 intervectas,
1072 1495 1113 1559 si-

60 1601 86 1642 15
99 1583 171 1647 mili
192 1582 275 1648 facie
294 1605 358 1669 qua
376 1602 558 1666 cupressus,
581 1583 772 1667 plerumque
795 1582 895 1647 etiam
915 1582 1114 1669 directiores,

99 1693 138 1737 ex
158 1693 196 1737 ea
215 1671 326 1756 stirpe,
351 1672 437 1755 quod
455 1690 557 1755 genus
582 1672 713 1737 arbores
731 1671 962 1756 myrobalanos
980 1671 1114 1737 babent.

100 1757 163 1823 Sed
186 1783 225 1823 ex
242 1761 332 1824 hisce
351 1761 474 1826 duabus
495 1761 675 1847 arboribus,
698 1761 873 1846 dequibus
894 1782 993 1843 supra
1012 1760 1115 1826 locuti
1136 1772 1178 1824 39.

100 1870 221 1935 sumus,
244 1871 369 1914 marem
388 1850 536 1934 alteram,
559 1849 698 1915 alteram
715 1849 870 1914 feminam
893 1871 963 1913 esse
983 1854 1114 1915 eonten-

100 1937 189 2004 dunt.
229 1936 275 2003 Et
298 1938 397 2002 maris
422 1937 551 2021 quidem
575 1938 702 2004 arboris
726 1937 908 2022 praesidem
927 1935 1045 2021 Solem,
1068 1938 1115 2002 fe-

60 2046 87 2085 ao
101 2027 209 2092 minae
227 2047 303 2091 vero
322 2026 447 2090 Lunam
470 2046 542 2091 esse
560 2026 717 2091 altricem.
753 2024 878 2090 Harum
900 2026 1005 2090 omnis
1029 2026 1115 2092 circa

100 2115 225 2178 radices
253 2114 450 2178 convestitas
478 2114 600 2179 viseres
630 2114 732 2199 tergis
761 2135 799 2178 ac
826 2113 967 2198 pellibus
996 2116 1114 2200 saeris3

99 2201 157 2265 sed
180 2222 219 2264 ex
242 2201 308 2283 his,
333 2222 415 2284 quae
439 2221 477 2263 ex
499 2201 644 2265 maribus
669 2204 786 2282 essent,
809 2202 853 2265 ad
872 2221 995 2262 marem
1019 2201 1115 2264 arbo-

99 2310 181 2370 rem,
209 2308 293 2371 quae
321 2310 397 2353 vero
426 2309 465 2351 ex
492 2287 669 2371 pecudibus
696 2287 857 2364 femineis,
886 2286 926 2349 ad
954 2284 1112 2350 honorem

99 2375 239 2440 feminae
259 2375 351 2440 sitae.
392 2375 547 2451 Quamvis
565 2374 753 2440 hominibus
772 2371 879 2457 gentis
903 2372 1009 2436 eiusce
1032 2395 1112 2441 usus

60 2482 86 2522 25
100 2462 178 2528 ferri
197 2462 320 2528 aerisve
339 2465 391 2528 vel
412 2463 521 2527 stanni
541 2462 746 2527 omnifariam
769 2461 984 2545 ignoraretur,
1007 2484 1113 2548 neque

101 2553 186 2616 esset
200 2550 382 2635 quicquam,
401 2550 485 2636 quod
501 2551 542 2615 ad
556 2549 693 2616 aedificii
712 2571 806 2614 usum
821 2570 860 2613 ex
876 2549 947 2616 luto
962 2550 1114 2638 fingeres.

99 2638 182 2704 [turn
209 2639 310 2723 igitur
339 2639 396 2704 illa
421 2643 514 2723 terga
537 2639 588 2704 vel
614 2636 720 2722 spolia
749 2638 940 2724 bestiarum,
971 2661 1010 2704 ex
1041 2642 1113 2726 quis

100 2727 210 2794 forent
231 2727 461 2810 animantibus,
486 2748 683 2812 quaererem,
708 2728 870 2812 comperio
891 2728 1021 2795 leonum
1044 2753 1113 2795 esse

102 2817 170 2882 sive
180 2816 355 2901 pardorum
370 2820 404 2881 et
416 2815 640 2882 huiuscemodi
654 2817 841 2902 bestiarum,
856 2821 888 2884 et
896 2841 997 2903 usque
1011 2821 1113 2904 tergis

191 2979 207 3027 3
227 2972 366 3028 Verbadd
383 2970 575 3042 primum—7
591 2970 766 3029 venissemus
783 2992 833 3032 om.
849 2976 883 3030 P.
936 2981 952 3031 5
971 2979 1000 3031 et
1017 2993 1114 3030 renue·

102 3045 168 3100 bam
180 3044 279 3100 Schlec.
298 3045 331 3098 ut
342 3042 511 3099 rintivebam
524 3045 709 3114 superscripto
726 3047 861 3102 referenti
870 3047 906 3102 A.
944 3052 960 3100 6
974 3065 1034 3102 sum
1049 3049 1113 3103 add.

104 3116 179 3173 Mai.
212 3114 307 3171 itineri
327 3116 400 3171 Mai.
419 3113 521 3169 itinere
539 3114 576 3169 A.
618 3117 740 3170 ‘lducor
758 3133 826 3188 ergo
846 3119 880 3171 P.
922 3118 1004 3172 8vel
1022 3133 1114 3171 amoe-

101 3183 150 3241 nis*
173 3187 209 3242 A.
237 3187 283 3242 vel
301 3186 408 3242 amenis
425 3185 458 3238 P.
504 3184 619 3239 aillum
636 3185 671 3240 P.
698 3203 834 3242 vocavere
848 3187 880 3241 P.
909 3188 982 3242 Iade
999 3204 1019 3241 c
1035 3189 1115 3242 uerbo

105 3256 288 3313 ‘Enimvero’
314 3274 398 3328 usqae
421 3258 458 3312 ad
480 3257 562 3311 cerba
586 3254 780 3325 ‘diligentiam
803 3257 930 3327 praesto’
956 3259 1115 3324 p.135,13

103 3330 205 3386 omittit
219 3330 253 3384 P.
295 3334 326 3383 11
347 3325 582 3384 deomm-Solis
600 3328 706 3396 scripsi.
736 3325 931 3381 eorum-soli
946 3329 981 3379 A.
1020 3332 1052 3380 15
1072 3327 1114 3380 di-

102 3399 246 3468 rectiores,
265 3417 299 3454 ex
318 3401 392 3456 Mai.
416 3399 596 3455 directiorum
616 3400 660 3452 est
677 3398 713 3453 A.
750 3403 784 3452 20
803 3397 929 3451 altricem
943 3397 1015 3451 Mai.
1034 3397 1113 3450 ultri-

103 3483 164 3549 qem
183 3470 220 3524 A.
263 3476 298 3525 22
318 3472 354 3525 ad
372 3471 436 3527 add.
456 3471 512 3527 Mr.
559 3475 594 3525 29
613 3471 642 3523 et
659 3467 801 3538 usque‘A.
830 3469 859 3523 et
877 3467 952 3522 hisce
973 3469 1112 3523 MaiMr.

101 3547 210 3605 nsque?
1103 3550 1105 3554 '
