2362 3938
88 195 151 261 166
503 193 615 249 urana
632 192 679 247 111.

86 359 179 443 regni
202 358 267 422 mei
290 357 362 420 fieri
383 377 612 421 successorem.
654 353 715 420 Sed
739 356 826 420 enim
849 357 877 421 si
899 356 999 421 fuerit
1023 359 1106 423 mihi

86 447 173 511 filius
196 468 214 510 e
238 445 387 529 Roxane,
413 445 490 509 huic
513 466 633 509 nomen
656 448 689 508 et
712 465 847 529 regnum
871 449 1021 510 nostrum
1046 469 1106 531 pa-

87 535 168 600 riter
190 534 437 600 concedendum.
480 533 573 612 Quod
598 534 626 596 si
649 555 666 597 e
689 532 824 598 Roxane
848 534 957 617 puella
981 533 1104 619 edetur,

88 624 133 689 sit
156 622 370 688 Macedonum
393 623 498 707 optio,
522 643 695 706 quemnam
719 621 782 685 sibi
805 643 914 706 regem
937 623 1003 706 ipsi
1029 625 1106 688 sub·

61 713 239 778 sstituant
276 703 416 797 Optatus
439 732 537 793 porro
561 710 820 794 constitutosque
843 732 900 774 rex
919 709 1105 796 Argiadum

88 802 214 886 regiam
228 805 432 882 veteremque
446 798 667 882 principatum
687 820 817 863 servare
832 798 970 864 debebit.
1004 800 1105 866 Hisce

88 888 280 954 Macedones
295 892 451 952 consueta
461 885 651 970 dependent.
675 885 860 969 Olympiadi
870 892 989 971 autem,
1004 891 1106 954 matri

88 993 194 1061 meae,
224 978 252 1041 si
278 977 326 1039 ita
352 974 456 1059 volet,
488 974 600 1039 licebit
628 974 736 1039 Rhodi
765 975 880 1060 degere
911 976 963 1040 vel
991 977 1028 1040 in
1056 1001 1105 1062 eo,

88 1087 183 1148 quem
206 1063 340 1127 malebit
363 1063 448 1146 loco,
475 1062 648 1146 accipienti
676 1068 793 1127 cuncta
816 1065 909 1148 haec,
938 1087 1021 1149 quae
1051 1089 1104 1131 me

48 1172 74 1213 ro
88 1153 261 1235 superstite
293 1151 558 1235 consequebatur.
612 1150 819 1216 Praefectum
855 1156 963 1217 autem
995 1153 1103 1220 Mace·
1122 1164 1164 1215 94.

87 1239 201 1303 doniae
232 1238 403 1304 Craterum
439 1240 511 1302 fieri
544 1239 663 1304 mando
698 1241 790 1324 eique
822 1240 968 1326 Philippi
998 1243 1105 1308 filiam

85 1327 261 1411 coniugari.
307 1327 480 1392 Philonam
511 1327 611 1392 etiam
638 1328 733 1393 iubeo
763 1330 925 1413 satrapiae
954 1353 1104 1413 praeesse

85 1415 347 1500 Hellesponticae
367 1417 537 1481 universae
555 1439 752 1502 uxoremque
776 1419 805 1482 ei
829 1418 899 1482 fieri
918 1417 1029 1483 Oloiae
1053 1443 1103 1484 so-

22 1557 28 1566 .
86 1526 203 1568 rorem.
249 1502 488 1589 Cappadociam
517 1527 644 1589 quoque
672 1507 724 1570 vel
752 1506 1012 1592 Paphlagoniam
1039 1509 1104 1572 Eu·

48 1612 73 1653 15
87 1593 177 1658 meni
198 1594 372 1678 regendam
391 1594 538 1678 permitti
555 1596 673 1679 placet.
718 1594 785 1660 Ros
808 1618 895 1679 vero,
919 1596 975 1679 qui
997 1597 1032 1659 in
1054 1597 1103 1661 in·

89 1682 171 1747 sulis
183 1685 268 1761 sunt,
281 1683 403 1748 liberos
419 1683 532 1767 suique
546 1684 626 1748 iuris
642 1706 713 1749 esse
723 1685 830 1770 praeci
832 1685 894 1769 pio.
914 1684 1103 1770 Antigonus

88 1769 204 1836 Cariae
225 1773 358 1855 praesit,
381 1769 607 1856 Casanderque
628 1773 792 1856 Boeotiae,
816 1775 926 1857 eisque
950 1775 1103 1839 omnibus

88 1881 239 1945 praeesse
269 1861 479 1944 Antipatrum
510 1863 685 1945 oportebit.
734 1861 823 1926 Uton
853 1860 965 1946 Syriae
996 1867 1104 1928 rector

89 1953 168 2013 esto.
206 1948 408 2033 Babyloniae
427 1972 504 2015 vero
528 1953 561 2014 et
585 1951 800 2015 adiacentium
823 1950 993 2035 regionum
1013 1974 1103 2034 prae-

48 2057 74 2096 ro
88 2037 163 2102 ficio
187 2035 365 2101 Seleucum.
411 2037 593 2103 Phoenicen
620 2061 658 2102 ac
687 2038 815 2122 Syriam
839 2037 960 2104 Ooelen
983 2038 1103 2104 Melea-

88 2146 148 2209 gro
171 2125 347 2210 regendam
370 2127 517 2208 permitti
540 2126 680 2209 decrevi,
707 2126 897 2210 Aegyptum
920 2126 1104 2213 Perdiccae,

87 2211 225 2295 Libyam
253 2212 457 2297 Ptolomaeo,
486 2214 538 2277 cui
569 2213 669 2277 etiam
697 2212 903 2296 Cleopatram
933 2216 1103 2296 coniugari

75 2299 261 2383 oportebit,
280 2322 424 2365 sororem
439 2322 553 2365 meam.
587 2300 770 2382 Regionum
784 2321 889 2383 porro,
905 2321 987 2382 quae
1002 2323 1101 2382 supra

86 2385 307 2470 Babyloniam
331 2392 415 2471 sunt,
438 2409 549 2453 curam
568 2387 765 2452 Phanocrati
785 2386 929 2469 permitti
947 2391 1100 2473 praecepi

46 2475 181 2559 meique
203 2497 338 2539 uxorem
361 2475 517 2540 Roxanen
541 2475 749 2540 Bactrianam
773 2474 851 2537 dari.

176 2561 235 2627 59.
259 2563 320 2627 His
340 2564 442 2648 igitur
465 2565 615 2629 omnibus
636 2563 754 2626 mando
778 2562 1006 2648 repositorium
1031 2586 1099 2628 eor·
1119 2578 1165 2629 95.

86 2651 158 2737 pori
182 2674 253 2717 meo
277 2651 348 2715 fieri
372 2653 441 2716 auri
464 2672 656 2737 magnorum
680 2650 877 2716 talentorum
902 2673 966 2717 sex.
1008 2653 1100 2730 Quis-

87 2758 153 2826 quev
177 2745 284 2805 autem
309 2740 521 2806 Macedonum
544 2740 815 2805 Thessalorumve
844 2743 1029 2825 provectior
1058 2744 1101 2808 sit

81 2832 195 2895 'aetate
219 2834 315 2913 atque
339 2830 380 2893 ad
404 2830 510 2895 solum
533 2829 674 2915 genitale
697 2831 838 2895 voluerit
860 2831 922 2915 ire,
952 2833 1004 2896 his
1031 2833 1101 2897 fieri

177 2992 330 3054 rregnum
348 3002 442 3040 meum
463 2986 498 3042 P.
553 2986 688 3042 sedetur
708 2988 742 3042 P.
767 2989 850 3044 detor
868 2992 904 3044 A.
961 2989 1102 3058 tregiam

87 3059 268 3126 veteremque
286 3061 342 3113 Mr.
370 3057 478 3126 regiam
496 3074 547 3112 om.
565 3059 602 3112 A.
631 3062 755 3113 veterem
774 3061 848 3113 A.P.
876 3060 927 3114 His
949 3062 982 3115 P.
1021 3061 1102 3114 ‘lde-

88 3130 215 3198 pendaut
234 3127 268 3183 P.
331 3127 486 3182 emalebit
502 3129 538 3182 A.
567 3129 685 3183 malevit
702 3131 735 3184 P.
764 3131 899 3185 mavelit?
955 3136 988 3183 10
1007 3131 1103 3183 autem
1148 3180 1153 3188 ,

88 3216 159 3256 corr.
178 3215 211 3254 ea
229 3216 296 3279 vgro
315 3201 350 3253 A.
389 3205 421 3254 12
440 3198 590 3254 Philonem
607 3202 643 3254 A.
669 3201 787 3254 filiolam
808 3202 842 3256 P.
868 3201 1009 3255 Philotam
1029 3201 1101 3254 Mai.

90 3277 124 3324 13
144 3269 240 3324 Oleiae
258 3271 366 3341 sampsi.
395 3269 456 3324 Olci
474 3271 509 3325 A.
518 3271 551 3325 P.
630 3271 836 3338 ingerendam
855 3271 891 3325 A.
970 3275 1002 3322 16
1021 3286 1101 3336 prae-

89 3341 163 3410 cipio
182 3341 217 3395 A.
246 3340 377 3410 praecepi
397 3342 431 3396 P.
477 3347 509 3396 17
527 3341 622 3395 boetia
641 3341 716 3395 A.P.
764 3346 796 3394 18
815 3342 890 3395 Uton
909 3342 944 3393 A.
972 3339 1048 3392 Yton
1066 3339 1100 3392 P.

89 3417 124 3467 24
147 3411 331 3482 Babyloniam
356 3410 414 3467 sint
439 3411 473 3468 P.
549 3416 583 3466 25
606 3411 790 3466 bacthranam
814 3411 849 3464 A.
877 3410 1041 3463 bactranam
1066 3409 1100 3464 P.

89 3499 192 3538 conca.
212 3484 285 3539 Mai.

179 3553 227 3610 te.
255 3561 289 3609 27
309 3571 411 3625 magno
430 3556 466 3608 A.
539 3561 574 3609 29
593 3551 730 3624 genitalia
751 3554 785 3607 P.
816 3552 914 3606 volunt
933 3552 968 3605 A.
