2376 3938
340 209 634 271 Aneonnuuioun
651 215 762 272 amun
778 218 813 272 V.
1041 222 1083 287 99

64 363 177 443 q'uldue
201 361 306 423 lerant.
350 371 508 443 postquam
530 365 635 442 primis
658 365 800 426 inhiantia
823 367 910 429 dictis

65 454 182 534 agmina
205 468 438 532 supremumque
461 452 545 513 rudet
567 455 627 513 iam
648 470 790 515 murmur>
806 454 902 538 lason,

65 541 136 602 talia
158 542 279 601 miranti
301 549 457 621 promptus
480 540 550 602 tulit
572 560 640 602 orsa
663 551 803 622 tyranno:
1030 561 1083 611 470

66 626 132 691 ‘rex
154 628 369 712 Hyperionide,
392 648 482 709 quem
503 648 558 710 per
582 630 658 691 ireta
680 639 761 693 tauta
783 630 946 712 petendum

68 718 224 780 caelicolae
248 736 286 778 en
308 721 404 798 prima
427 717 550 798 dignum
573 727 705 781 statuere
729 723 837 802 carina,

67 807 213 888 siquando
236 807 284 867 hic
308 807 438 886 aliquam
459 817 563 883 nostro
586 816 668 869 satus
691 809 766 869 orbe
787 808 901 871 solehat

65 895 261 978 Thessaliam,
284 898 387 974 siquos
409 895 539 957 Phrixus
557 914 723 958 memorare
746 896 900 977 Pelasgos:

64 985 96 1045 hi
119 983 183 1066 tihi,
205 992 250 1046 tot
272 1003 368 1066 casus,
390 983 538 1045 horrenda
563 993 608 1046 tot
631 988 696 1048 auia
710 990 815 1067 mensi,
1029 1001 1083 1052 tto

64 1075 225 1134 cernimur.
270 1075 334 1153 ipse
358 1080 475 1152 memet
496 1077 620 1153 proprio
643 1073 681 1135 de
705 1077 848 1154 sauguine
871 1075 988 1139 Phrixi:

63 1180 192 1241 namque
215 1161 294 1222 idem
318 1160 463 1222 Cretheus
487 1161 631 1223 arnhohus
655 1172 685 1223 et
707 1163 815 1224 Aeolus
839 1171 943 1224 auctor

64 1266 134 1312 cum
157 1250 227 1311 loue
250 1249 449 1330 Neptunoque
473 1258 595 1312 etcum
619 1250 786 1312 Salmonide
810 1251 947 1332 nympha.

62 1357 171 1418 meque
195 1357 250 1400 nec
269 1336 328 1400 huc
352 1356 440 1400 enses
458 1356 586 1419 araeque
605 1357 694 1419 egere
717 1348 867 1422 paternae,

62 1447 121 1488 uec
144 1436 208 1509 tua,
231 1427 411 1488 Thessalicis
434 1444 612 1507 quamquam
634 1429 736 1490 inclita
759 1431 878 1489 nomina
901 1433 999 1512 terris,
1026 1444 1081 1494 480

63 1524 171 1597 sponte
195 1534 314 1595 sequor.
360 1519 408 1577 cui
431 1534 492 1576 non
515 1519 598 1577 lasso
620 1525 665 1577 tot
688 1517 770 1576 adire
793 1516 932 1595 uoluptas

62 1612 196 1666 monstra
215 1601 326 1665 maris?
349 1607 398 1665 cui
423 1603 555 1685 Cyaneos
577 1607 690 1665 hrtrare
709 1601 865 1683 fragores?

61 1701 180 1774 sceptra
203 1695 247 1753 tui
270 1701 332 1754 toto
356 1691 451 1753 Pelias
475 1692 531 1752 suh
554 1693 682 1753 momine
706 1691 820 1752 Phoebi

61 1784 188 1843 maxima
211 1789 291 1842 sorte
315 1789 435 1863 teneus,
458 1787 561 1859 totque
585 1781 634 1840 ille
657 1783 822 1861 prementia
845 1780 940 1843 cliuos

61 1869 183 1952 oppida,
206 1877 250 1931 tot
272 1871 334 1948 iugi
356 1868 558 1949 pulcherrima
580 1869 702 1931 llumina
725 1886 834 1949 cornu3
1024 1883 1078 1933 485

59 1958 110 2019 ille
134 1977 234 2018 meum
256 1960 390 2037 imperiis
408 1967 497 2037 urget
520 1967 625 2039 caput,
648 1958 697 2018 ille
720 1957 837 2018 labores

60 2046 112 2107 dat
135 2048 247 2127 uarios,
270 2063 344 2107 suus
366 2054 401 2107 ut
423 2062 569 2126 magnum¹
584 2065 638 2107 rex
661 2049 774 2126 spargit
797 2045 833 2105 ah
857 2045 945 2125 Argis

60 2132 197 2217 Alciden,
221 2133 363 2197 Sthenelo
386 2136 451 2214 ipse
475 2144 565 2196 satus.
611 2143 711 2196 tamen
734 2152 838 2214 aspera
862 2148 967 2214 regum

59 2225 246 2303 perpetimur
268 2226 350 2305 iuga,
374 2240 429 2284 nec
452 2224 557 2284 melior
579 2240 685 2304 parere
709 2241 826 2284 recuso.

59 2312 109 2371 hic
134 2310 259 2372 sibime
283 2320 402 2373 auratae
426 2313 550 2393 pecudis
573 2315 770 2392 quiscumque
793 2310 926 2391 periclisx
1024 2325 1077 2376 490

59 2401 184 2460 exuuias
206 2400 340 2480 perferre
363 2399 455 2463 iubet.
501 2400 555 2462 tihi
578 2403 672 2480 gratia
695 2403 790 2462 nostri

59 2489 112 2569 sit,
134 2502 254 2571 precor,
276 2493 308 2550 in
331 2493 506 2571 meritisque
525 2491 618 2572 loces,
642 2490 720 2570 quod
744 2493 824 2551 iussa
848 2491 949 2569 recepi

59 2584 150 2655 teque
174 2577 277 2659 adum,
300 2596 389 2658 quam
412 2598 503 2659 quem
524 2578 620 2641 Pelias
643 2588 803 2660 speratque
827 2580 979 2661 cupitque,

60 2667 185 2744 promisi
209 2675 239 2727 et
261 2668 384 2728 meliora
402 2677 470 2730 tuae
494 2670 566 2730 mihi
590 2669 710 2730 foedera
733 2667 862 2729 dextrae.

59 2754 86 2812 si
108 2761 210 2831 petere
234 2756 291 2815 hoe
315 2759 398 2816 saeui
421 2759 591 2817 statuissem
615 2760 758 2836 sanguine
781 2756 860 2838 belli,
1021 2764 1074 2816 495

59 2838 134 2902 Ossa
157 2842 244 2903 dahat
266 2841 439 2921 Pindusque
463 2852 542 2904 rates
566 2854 696 2923 quotque
721 2853 789 2905 aute
814 2845 911 2903 secuti
1105 2847 1108 2852 ’

57 2927 128 2990 inde
152 2948 208 2990 nec
231 2928 372 2989 audacem
395 2929 544 2990 Bacchum
567 2950 623 2991 nec
645 2931 755 2992 Persea
778 2949 873 3010 reges.

58 3017 111 3078 sed
135 3035 182 3077 me
207 3016 285 3076 nuda
308 3016 381 3076 fides
406 3019 559 3096 sanctique
582 3022 716 3096 potentia
738 3021 811 3078 iusti

56 3107 117 3167 huc
141 3104 209 3163 tulit
232 3122 265 3163 ac
289 3103 378 3164 medii
402 3107 541 3166 sociatrix
564 3108 660 3184 gratia
682 3105 799 3187 Phrixi3

56 3210 186 3272 namque
210 3191 264 3253 tihi
288 3200 390 3253 nostra
413 3196 505 3273 geniti
528 3194 565 3254 de
589 3196 683 3273 stirpe
708 3189 844 3273 nepotes
1022 3204 1075 3256 ⁶00

58 3301 114 3343 uec
138 3289 238 3342 tamen
261 3288 312 3343 aut
334 3278 479 3362 Phrygios
501 3301 588 3363 reges
612 3290 662 3344 aut
686 3300 758 3344 arua
781 3283 909 3343 furentis

56 3370 217 3450 Bebryciae
243 3372 430 3451 spernendus
453 3372 513 3434 adi:
537 3390 590 3434 seu
614 3372 718 3433 fraude
741 3371 849 3452 petiuit

58 3478 111 3520 seu
135 3461 203 3539 quis
225 3460 339 3521 honore
363 3479 459 3544 meoS,
483 3478 536 3522 sua
559 3461 675 3523 reddita
698 3459 776 3521 dona
799 3458 948 3541 deumque

59 3566 113 3608 nos
137 3564 231 3627 genus
254 3558 342 3629 atque
366 3559 460 3612 ratem
483 3569 608 3636 magnae
631 3569 760 3615 sensere
777 3549 958 3611 masmae.

848 3648 890 3706 *μ
