2362 3938
105 187 167 251 642
267 210 371 246 nomeu
389 211 496 246 varum
515 199 547 264 (t)
566 213 664 249 annau.
683 217 718 250 nn
736 215 798 252 mun
816 215 891 251 rrum.

69 352 95 393 ss
168 334 211 393 15.
234 337 286 394 Pro
302 339 344 394 his
360 339 447 411 bonis,
464 358 531 413 quae
544 341 624 398 fiscus
639 345 787 416 iniquietat,
803 361 895 400 manus
908 342 1059 418 appatuere

7 422 185 476 ainamma
210 421 317 494 quidem
339 420 544 496 prohibietur31
566 456 608 464 —
624 457 662 466 -
678 457 720 467 -
744 440 748 485 t
772 457 812 466 -
830 460 866 467 -
886 459 922 467 -
941 459 978 467 ——
994 438 1056 488 turi

6 493 345 564 ⁸⁰¹·³·---—e**i
370 502 375 578 (
400 511 638 566 —--—rian*
661 515 665 576 Ι
689 513 926 583 ——speiiuut
943 513 947 578 1
964 542 1057 562 .--

102 589 272 647 ἰο*ἰ**τῖι
290 592 316 656 i.

168 668 214 730 16.
232 667 386 730 ²Aduoeati
395 677 457 745 fisci
474 679 557 731 etiam
574 678 578 739 Ι
594 681 659 744 post
673 678 829 746 depositum
844 676 961 733 osticium
976 683 981 745 Ι
994 696 1058 735 aon·

104 767 152 816 tra
166 761 274 830 fiscum,
291 775 369 830 aquo
385 758 532 826 ’saisirium
543 767 714 831 acceperuut,
730 761 781 815 nisi
794 763 828 821 ini
842 767 940 818 causis
947 780 1057 832 pureu-

106 850 179 913 tum‚
202 840 333 911 filiorum,
358 842 362 913 Ι
386 841 589 912 pupillorumue
611 859 740 913 suorum,
762 861 840 898 eausa
865 848 869 908 Ι
893 845 1058 902 libertorum

70 935 96 976 15
106 920 210 996 etiam,³
230 925 323 981 adesse
336 923 538 996 prohibentur,
558 934 584 980 et
600 928 623 980 si
638 927 786 996 adfuerint,
800 923 918 990 iniaimiu
933 928 1058 1000 plectun-

106 1018 163 1067 tur.
180 1026 247 1066 saue
257 1017 261 1071 i
272 1011 324 1065 hoe
336 1009 473 1081 principaii
483 1008 622 1080 beneficio
632 1021 636 1067 t
646 1013 788 1083 impetrare
796 1027 850 1065 nan
859 1010 1056 1084 prohibentior.

70 1105 97 1144 20
169 1089 210 1149 1⁷.
234 1087 316 1148 tusa
332 1091 463 1162 aduocati,
480 1097 483 1158 Ι
501 1093 598 1165 quibus
614 1093 645 1148 ad
663 1103 769 1167 tempus
785 1096 909 1165 oifieium
927 1101 931 1164 Ι
948 1097 1056 1150 manda·

105 1187 161 1233 tum
178 1186 233 1244 est,
257 1177 319 1248 quia
333 1176 469 1246 sainriium
484 1193 538 1233 non
554 1179 697 1250 accipiunt,
715 1183 719 1238 t
742 1189 835 1234 eontra
851 1177 945 1234 fiscum
961 1180 1054 1234 adesse
1065 1200 1122 1246 [544]

104 1278 159 1317 non
174 1261 368 1332 prohitbentur.

70 1349 95 1390 2⁶
168 1341 213 1400 18.
243 1345 333 1415 Capite
361 1340 452 1416 ’leigis
475 1339 633 1400 censoriae⁵
657 1356 788 1416 aauettur,
816 1356 847 1401 ut
868 1364 922 1403 non
945 1355 1057 1414 tantum,

15 1427 167 1485 aoth-eum
190 1427 253 1500 quid
277 1433 281 1493 Ι
304 1430 375 1498 fiseo
397 1427 544 1499 aufertur,
568 1430 618 1484 sed
639 1437 666 1485 et
689 1448 752 1485 cum
774 1424 846 1486 nou⁶
869 1436 873 1496 t
894 1440 1054 1502 praestatur,

105 1514 181 1568 euius
204 1513 242 1567 rei
266 1513 372 1571 amistsa
394 1505 541 1583 professio⁷
563 1515 716 1576 commistso
735 1508 823 1569 intra⁸
845 1516 1055 1580 auinquennium

180 1782 199 1849 ¹)
220 1785 278 1833 Vid.
290 1786 405 1846 praefat.
433 1785 503 1844 Quae
516 1795 666 1850 sequuntur,
681 1789 739 1836 edd.
754 1801 773 1839 1.
789 1799 809 1838 2.
825 1804 859 1836 eu
874 1789 1055 1845 Paui,5,12,s.

106 1859 134 1906 in
149 1871 203 1905 eam
216 1857 367 1903 sententiam
380 1859 517 1905 restituere
530 1865 700 1906 tentaveram:
714 1860 794 1906 tritius
808 1867 890 1907 tamen
900 1867 1055 1921 procurato·

106 1943 160 1976 rem
174 1927 257 1983 adiri,
272 1932 300 1973 ut
313 1927 337 1973 is
351 1928 487 1984 iniuriam,
502 1943 576 1990 quam
592 1928 745 1977 Caesariani
759 1932 953 1986 committerent,
968 1932 1056 1992 expet-

107 2002 179 2047 ieret.
211 1995 279 2056 Quae
294 2002 321 2043 ut
334 2012 396 2044 uera
410 1998 453 2053 sit,
467 2014 536 2046 nune
550 2013 584 2046 en
600 1996 655 2046 0¹³.
672 2014 736 2061 quae
750 2001 817 2047 teata
830 2007 897 2055 sunt,
911 2015 1056 2061 proponere

106 2069 193 2117 motui.
258 2063 277 2130 2)
293 2064 379 2114 Etiam
393 2067 461 2115 itane
475 2069 498 2127 ξ.
513 2075 609 2115 mutata
623 2068 661 2115 ed.
678 2082 697 2117 1.
712 2080 732 2116 2.
748 2083 817 2115 nune
831 2083 865 2115 eoa
881 2067 937 2116 ΟΜ,
959 2071 1057 2117 rectius

106 2138 221 2194 restitui,
240 2136 389 2200 quibusdam
404 2152 420 2183 a
434 2137 482 2183 Kr.
498 2139 652 2185 monstratis.
684 2137 814 2184 Caeterum
829 2138 862 2198 ef.
878 2137 910 2184 L.
925 2149 957 2185 10.
977 2138 1009 2184 D.
1025 2139 1056 2185 de

103 2207 245 2271 postumio,
261 2204 291 2271 1).
310 2221 367 2254 eum
384 2206 463 2255 seiot.
486 2205 656 2254 Tiaieiaeano
675 2207 710 2254 ad
728 2206 932 2261 BasiI.8‚1,3a.
951 2206 982 2252 L.
999 2219 1018 2254 1.
1034 2219 1054 2255 2.

108 2279 133 2327 0.
149 2279 181 2326 de
194 2278 284 2326 aduae.
297 2277 358 2338 fisci
370 2273 401 2339 (2,
415 2275 446 2339 8).
462 2276 493 2323 L.
505 2287 537 2326 1³.
553 2276 585 2323 L.
595 2287 628 2324 22.
644 2277 666 2336 ς.
682 2288 702 2324 1.
717 2275 749 2322 L.
760 2287 793 2324 24.
808 2276 830 2335 ξ.
842 2288 862 2325 1.
879 2274 904 2322 C.
919 2276 951 2322 de
965 2276 1054 2324 aduae.

106 2349 157 2397 dia.
174 2349 226 2397 iud.
242 2346 274 2410 (2,
288 2345 310 2410 t)
325 2353 350 2394 et
359 2347 473 2409 praefat.
533 2342 553 2409 ³)
568 2348 662 2394 salaria
676 2344 721 2409 (ef.
737 2347 761 2406 ξ.
776 2344 811 2409 17)
826 2353 851 2393 et
864 2346 956 2393 deinde
970 2347 1015 2393 nisi
1031 2347 1054 2393 iu

105 2420 161 2468 suis
179 2420 221 2466 uei
234 2424 368 2479 parentum
387 2417 402 2463 i.
422 2430 445 2477 p.
467 2429 569 2464 suorum
590 2431 673 2473 causa,
695 2417 833 2464 libertorum
854 2417 925 2464 etiam
945 2416 985 2465 ed.
1004 2415 1053 2463 Kr.

103 2490 202 2551 partim
215 2489 295 2536 invito
311 2483 368 2535 GK'.
382 2501 429 2533 nea
444 2488 470 2533 in
484 2500 532 2533 sua
546 2502 626 2534 eausa
641 2488 781 2536 advocatus
795 2489 852 2550 quis
862 2487 951 2536 adesse
961 2495 1053 2550 potest.

107 2556 129 2625 ⁴)
147 2559 184 2621 Οἵ.
195 2558 227 2606 L.
237 2570 256 2607 1.
274 2557 299 2604 C.
315 2557 346 2604 de
360 2556 448 2604 aduae.
460 2558 517 2618 fise.
527 2554 558 2619 (2,
568 2555 599 2621 8).
647 2555 667 2620 ⁵)
677 2558 827 2615 Domitiani,
837 2566 865 2605 ut
874 2560 973 2620 opinor,
984 2574 1055 2621 quem

108 2629 176 2678 Ptin.
188 2643 250 2690 pan.
264 2639 298 2676 40.
317 2633 433 2688 spectare
452 2627 560 2674 uidetur.
626 2623 647 2688 ⁰)
662 2627 707 2676 Sic
725 2631 837 2690 primum
856 2645 955 2677 versum
970 2632 1017 2678 aot.
1032 2628 1054 2676 b.

107 2701 209 2748 aoitatis
223 2714 244 2746 u.
261 2709 280 2746 t.
294 2706 315 2746 8.
330 2698 440 2752 restitui,
451 2703 586 2759 postquam
600 2700 731 2758 apparuit,
745 2714 835 2747 uersus
844 2701 937 2762 uipinti
946 2702 1055 2762 quinque

107 2784 230 2832 quamque
245 2769 384 2816 columnam
398 2765 524 2814 habuisse.
547 2765 677 2828 Scriptum
685 2768 768 2828 fuerit
778 2771 836 2815 fisca
846 2770 929 2815 auiert’
940 2771 960 2815 s'
971 2777 994 2815 et
1002 2772 1053 2815 e'ri.

106 2838 159 2888 Sed
179 2841 254 2887 etiam
275 2839 302 2884 iu
323 2835 484 2898 sequentibus
505 2837 671 2885 aestimandis
691 2843 715 2884 et
735 2839 913 2893 restituendis,
935 2838 984 2886 hoe
1004 2853 1054 2885 non

107 2916 234 2971 comperto
249 2914 273 2955 et
286 2914 345 2954 ante
361 2903 417 2954 0¹⁰.
432 2913 570 2954 commento
584 2909 623 2954 uei
641 2914 739 2954 tentata
758 2909 836 2955 irrita
852 2908 966 2968 suerunt.
998 2904 1054 2953 ‘nau

106 2987 197 3029 tautum
212 2976 330 3039 numquid
347 2979 352 3034 Ι
366 2984 509 3038 praestatur,
520 2977 587 3024 cuius
602 2977 637 3023 rei
647 2977 743 3033 amisisa
754 2978 871 3038 professio
883 2977 975 3037 fuerit,
990 2979 1054 3024 actio

108 3045 239 3100 commisisi
253 3048 313 3095 iutra
328 3046 512 3109 quinquennium
527 3046 603 3093 iocum
619 3049 622 3104 Ι
639 3045 731 3093 lrabeat
744 3048 790 3093 sed
803 3048 834 3093 et'
848 3046 953 3094 Laetum.
969 3053 993 3093 et
1007 3045 1054 3107 Bp.

107 3122 165 3170 edd.
182 3117 241 3166 ‘tum
256 3124 353 3174 tuntum,
368 3133 389 3164 e.
400 3132 422 3178 q.
434 3131 456 3177 p.
468 3132 488 3163 e.
503 3131 523 3163 r.
539 3131 561 3164 ο.
577 3116 693 3177 professio
709 3116 770 3162 iutra
784 3116 928 3171 eommisisis
943 3122 1054 3162 statutum

108 3189 291 3254 quinquennium
305 3188 382 3235 laeum
394 3189 457 3247 fiseo
472 3184 527 3234 dat’
543 3202 597 3234 mea
612 3186 650 3235 ed.
666 3197 685 3235 1.
701 3187 806 3233 laudata
821 3184 887 3233 libro
902 3201 932 3232 m.
947 3182 1055 3232 ‘Census

108 3277 132 3309 u.
151 3259 308 3321 Steueruerf.
328 3259 352 3305 d.
373 3253 503 3305 Kaiserz.’
520 3272 547 3318 p.
563 3268 609 3306 tot.
629 3271 651 3303 u.
671 3261 690 3302 t.
706 3269 725 3301 c.
741 3270 763 3316 q.
783 3270 806 3316 p.
827 3255 892 3301 euius
912 3255 947 3301 rei
967 3257 1053 3301 amissa

107 3330 225 3393 professio
240 3327 292 3392 (sit,
306 3328 352 3376 sed
365 3335 390 3375 et
403 3326 468 3390 eum)
478 3326 598 3374 commissi
614 3340 689 3387 poena
705 3325 766 3372 iutra
780 3325 964 3386 quinquennium
978 3326 1055 3372 laeum

108 3400 138 3450 ob
154 3401 182 3448 id
195 3399 277 3447 habet*
293 3400 331 3447 ed.
346 3410 367 3448 2.
419 3394 439 3462 ⁷)
457 3395 525 3455 Quae
540 3397 582 3445 leia
596 3398 623 3444 in
639 3393 696 3444 0¹¹³.
711 3397 827 3457 sequitur
840 3409 862 3440 u.
879 3394 939 3440 iutra
954 3394 986 3442 ab
1001 3397 1055 3456 ipso

107 3470 217 3519 librario
232 3472 271 3518 uei
285 3475 433 3517 correctore
446 3475 575 3529 carpuneto
589 3473 632 3514 est.
684 3462 705 3528 ⁸)
719 3479 753 3512 ete
764 3464 913 3512 Mommseui
921 3465 954 3525 ej.
965 3466 1056 3512 literae

108 3557 148 3591 -eo
162 3543 200 3589 in·
210 3541 391 3604 perforatione
402 3538 463 3600 folii
472 3539 615 3599 perierunt.
