2362 3938
468 185 517 238 66
536 185 602 240 urs.
623 187 716 240 r.⁴
831 172 834 178 ’
995 190 1069 245 xuv

10 333 174 416 punicam
201 334 283 392 cerni
309 333 355 392 ita
385 354 440 409 per
472 353 504 393 se
530 335 720 411 intellegitur
751 340 787 395 ut
814 337 847 395 in
878 339 934 398 hoc
966 341 1068 400 addito

10 440 142 504 &nemo
170 423 267 497 possit
294 422 390 480 risum
416 425 529 481 tenere.
578 422 606 479 V
635 417 740 488 ‘torto'
767 425 872 502 tradit,
900 428 980 502 quod
1007 448 1069 488 rec-

10 510 205 594 pfeissimum
228 513 288 570 est:
312 513 420 570 uentus
444 511 554 588 oritur,
583 514 694 570 nautae
720 530 805 571 mare
830 514 921 574 remis
944 519 1070 575 uersant

10 591 104 681 ΕΜ.
128 599 144 656 Ι
169 601 209 658 36
235 593 344 657 ‘tortas
368 599 524 674 consurgit
539 599 578 658 in
599 593 731 680 undas'),
753 601 840 661 nauis
863 603 966 661 currit
1012 603 1067 663 ita-

38 689 111 764 666
135 688 307 763 corruptela
329 688 406 746 latet
427 689 459 745 in
481 706 555 746 uoce
579 680 670 747 ‘unat
711 690 797 766 legas
821 683 866 748 ‘et
886 694 968 750 torto
992 693 1067 751 ratis

36 778 123 852 :scu
158 775 307 850 profundo
345 768 497 834 cernitur'.
556 779 663 834 notum
694 778 775 835 enim
808 780 867 837 est⁴
886 781 1005 839 ueteres
1037 779 1070 838 in

50 865 202 924 eiusmodi
223 863 406 939 imaginibus
427 883 476 922 res
496 882 598 922 omnes
621 864 725 924 uiuere
748 884 782 924 ac
805 867 922 925 moueri
938 867 1068 928 finxisse.

10 1002 38 1029 ἶ
142 954 207 1012 443
231 953 318 1012 tuedo
333 957 470 1024 66666646
492 952 647 1011 Heinsius:
670 955 810 1027 taedaque
831 956 865 1014 ia
885 960 965 1014 66646
987 957 1023 1015 V.

144 1042 206 1099 455
230 1042 334 1099 horror
356 1040 534 1117 Meynckius
556 1040 589 1098 II
612 1042 690 1100 369:
715 1058 797 1101 error
818 1041 855 1101 V.

22 1170 26 1175 -
145 1129 207 1188 466
231 1130 344 1188 siderea
366 1128 522 1188 Heinsius:
545 1130 650 1189 64646646
672 1128 709 1190 V.

14 1252 20 1257 -
144 1217 207 1274 467
231 1220 394 1290 6466664666
416 1217 625 1276 Loehbsohius
648 1217 664 1274 Ι
689 1222 743 1277 11:
766 1221 946 1293 repitoatqce
969 1220 1005 1280 V.

143 1306 209 1364 470
227 1311 383 1379 prmus
405 1305 582 1382 Meynckius
605 1305 621 1362 I
644 1307 700 1365 46:
718 1310 845 1381 propius
866 1308 904 1369 V.

143 1394 183 1451 47
188 1395 206 1451 2
232 1412 267 1451 ea
290 1394 409 1469 scripsi:
433 1399 460 1453 et
480 1393 517 1453 V.

57 1550 60 1556 .
118 1482 207 1546 ,483
231 1485 355 1541 rumine
377 1481 496 1558 scripsi:
520 1485 634 1541 comice
656 1482 694 1543 V.

142 1569 207 1627 484
244 1571 293 1628 iile
329 1569 512 1629 Gronouius:
548 1571 602 1629 itio
633 1569 670 1626 V.
706 1601 750 1610 -
781 1573 947 1643 prementia
977 1572 1068 1631 cliuos

54 1657 162 1731 scripsi
190 1656 225 1715 'in
255 1657 441 1718 Fleckeiseni
474 1659 571 1717 annal.
607 1659 692 1716 1872
727 1678 757 1733 p.
795 1660 873 1717 204:
910 1663 1068 1719 6666666446

54 1745 138 1804 diuos
160 1744 196 1804 V.
220 1746 256 1805 cf.
279 1745 426 1806 Horatius
455 1745 514 1823 [ep.
537 1745 569 1804 Π
594 1750 622 1822 1,
648 1742 725 1821 252]
755 1740 798 1805 ‘et
820 1745 943 1805 fiumina
970 1747 1073 1806 dicere

54 1837 85 1890 et
108 1851 192 1892 arces
215 1834 368 1894 montibus
390 1828 569 1910 impositas’.

142 1923 205 1981 485
229 1925 293 1996 ieci
314 1923 470 1982 Heinsius:
492 1925 578 1997 uiqiii
600 1922 637 1982 V.

141 2013 206 2069 492
229 2013 262 2069 ia
274 2014 438 2085 6664446666
460 2012 533 2071 tices
547 2010 667 2085 scripsi:
691 2011 760 2070 hoec
772 2013 923 2083 meritique
936 2012 1014 2072 46666
1027 2011 1064 2069 V.

142 2099 206 2158 509
230 2116 291 2158 eece
313 2099 431 2174 scripsi:
456 2103 540 2172 atque
562 2097 597 2157 V.
826 2130 832 2142 ‹

141 2188 205 2246 519
229 2192 360 2247 aarum
382 2207 417 2246 ex
440 2187 468 2245 V
490 2187 625 2263 restitui:
648 2187 685 2246 cf.
708 2187 800 2263 Verg.
823 2188 900 2246 Aen.
923 2187 967 2246 IV
992 2189 1067 2248 220.

142 2277 207 2333 520
224 2278 335 2348 premit
355 2275 511 2335 Heinsius:
534 2277 635 2348 fremit
657 2275 694 2334 V.

142 2365 205 2421 534
228 2365 289 2434 tou
311 2366 364 2423 toli
387 2364 506 2439 scripsi:
529 2363 610 2423 haud
632 2364 674 2422 aii
695 2363 732 2422 V.

144 2452 208 2508 544
232 2454 313 2525 ques
336 2453 454 2526 scripsi:
478 2454 538 2513 dies
560 2451 597 2510 V.

140 2539 206 2597 550
229 2541 345 2599 incessit
366 2539 521 2600 Heinsius:
544 2541 668 2599 66666644
689 2539 726 2599 V.

140 2627 204 2684 565
239 2646 282 2701 sq.
314 2628 410 2700 quous
441 2629 478 2686 ab
512 2626 624 2688 Oceano
655 2629 781 2688 :atauo
816 2629 919 2688 cimus
950 2629 1068 2688 cethem

51 2716 147 2780 6666444,
178 2715 314 2786 cautibus
336 2718 497 2789 66669666
517 2733 575 2775 noa
602 2719 695 2776 orreo
722 2718 848 2791 copae
878 2716 976 2776 664646.
1036 2718 1068 2774 in

51 2803 180 2877 utroque
210 2822 302 2861 uersu
334 2823 402 2862 eum
433 2804 522 2878 plane
554 2805 634 2862 idern
657 2804 784 2871 dicatur:
816 2803 997 2862 alterutrum
1029 2805 1067 2862 ab

50 2887 268 2965 interpolatore
295 2892 426 2968 quodam
453 2891 590 2951 additum
617 2894 683 2966 aut,
711 2892 762 2965 qui
793 2890 932 2949 ultimam
963 2892 1068 2948 limam

52 2976 265 3054 Argonautiois
289 2998 307 3037 a
329 2983 419 3054 poeta
440 2997 502 3038 non
524 2979 658 3037 additam
680 2982 811 3052 censent,
834 2981 941 3052 postea
964 2978 1002 3035 ab
1031 2996 1066 3036 eo

51 3063 211 3125 delendum
246 3067 340 3125 fuisse
361 3071 524 3126 ,statuunt
582 3068 724 3125 66646666
763 3063 935 3139 probabil03
975 3065 1067 3122 immo

51 3151 206 3213 lenissima
233 3157 400 3214 mutatione
421 3175 476 3231 pro
505 3145 658 3213 ‘nitidum'
679 3150 884 3227 reponendum
907 3153 954 3211 est
972 3146 1067 3210 ‘uolu-

55 3234 158 3299 crum'.
203 3261 300 3318 neque
332 3244 412 3302 enim
444 3261 519 3320 opus
552 3245 599 3301 est
629 3242 665 3299 ut
697 3239 766 3298 dein
796 3239 912 3298 Bulaeo
945 3242 1067 3298 suctore

55 3330 256 3390 rescribamus
280 3324 389 3406 ‘qualis
413 3335 445 3390 et
467 3322 655 3406 adsurgens,
678 3346 746 3386 cum
767 3327 847 3386 duas
870 3327 1066 3403 comparatio-

54 3433 107 3475 nes
137 3420 222 3476 nulls
254 3419 357 3478 addita
392 3418 542 3495 particula
578 3417 718 3493 copulent
753 3415 913 3491 aliquando
951 3420 1067 3493 poetae.

54 3508 101 3564 est
126 3511 229 3566 autem
251 3507 328 3564 illud
356 3501 406 3565 ‘ab
430 3506 550 3566 Oceano
578 3505 734 3564 uolucrum
761 3496 881 3563 chorus'
909 3522 945 3563 66
971 3505 1070 3565 breui-
