2362 3938
111 200 154 264 56
453 197 482 254 C.
501 197 638 253 vanum
656 195 786 252 FLACOI

111 347 213 408 Delius
235 347 284 407 hic
307 347 394 426 longe
418 346 555 407 candenti
579 353 663 406 ueste
687 346 825 405 sacerdos

113 436 246 496 occurrit
268 453 412 513 ramoque
437 442 536 495 uocat:
559 435 677 512 iamque
700 435 765 513 ipse
788 435 905 494 recenti

112 532 172 584 stat
193 523 308 585 tumulo
331 522 445 603 placida
468 523 673 583 transmittens
697 523 813 601 agmina
834 520 935 583 lauro:

113 613 197 673 ducit
219 620 250 673 et
272 612 308 672 ad
331 612 440 672 lluuios
463 629 497 670 ac
520 609 640 671 uincula
663 609 781 671 soluere
804 618 955 671 monstrat
1085 624 1128 675 att

113 704 208 781 prima
231 700 341 780 pedum
363 699 541 778 glaucasque
566 700 658 759 comis
680 706 855 776 praetexere
879 698 1007 760 lrondes

113 793 253 870 imperat,
276 788 346 850 hinc
370 788 427 847 alte
450 786 564 848 Phoebi
586 789 736 866 surgentis
759 786 796 847 ad
818 785 924 847 orbem

114 880 193 938 lerre
217 895 322 938 manus
345 884 483 954 totosque
507 875 595 936 simul
617 874 815 955 procumbere
839 878 962 955 campis.

113 977 185 1028 tunc
208 968 310 1044 piceae
334 972 502 1025 mactantur
524 982 611 1046 oues,
632 971 829 1044 prosectaque
851 965 964 1043 partim

115 1060 246 1133 tergora,
269 1071 324 1133 per
346 1053 460 1113 medios
482 1054 591 1131 partim
614 1053 691 1131 gerit
713 1051 822 1112 obuius
845 1051 959 1112 ldmon.

114 1152 161 1203 ter
183 1143 289 1201 tacitos
313 1158 400 1219 egere
423 1139 545 1220 graduS,
568 1147 615 1200 ter
638 1141 735 1200 tristia
756 1147 881 1218 tangens

114 1248 195 1290 arma
218 1227 305 1287 simul
323 1235 483 1306 uestesque
506 1230 607 1288 uirum
629 1228 804 1289 lustramina
825 1236 917 1306 ponto

114 1334 191 1397 pone
215 1317 298 1394 iacit3
321 1315 431 1394 rapidis
454 1314 611 1377 adolentur
634 1324 735 1377 cetera
756 1315 890 1376 llammis.

115 1407 187 1484 quin
210 1406 299 1464 etiam
322 1412 453 1485 truncae,
475 1421 634 1464 numerum
657 1405 830 1484 effigiesque
853 1406 1001 1486 uirorum,

115 1497 172 1554 rite
194 1493 274 1553 locat
296 1510 426 1570 quercus
450 1493 645 1571 simulataque
669 1492 797 1572 subligat
819 1509 908 1554 arma.

115 1583 174 1643 huc
198 1582 315 1662 Stygias
337 1583 464 1642 transire
488 1584 583 1642 minas
606 1584 740 1659 iramque
763 1584 864 1642 seueri

116 1672 281 1751 sanguinis,
304 1670 352 1730 bis
375 1677 440 1731 orat
463 1669 569 1749 uigiles
592 1668 766 1730 incumbere
790 1688 887 1750 curas,

116 1759 211 1838 adque
235 1760 276 1818 ita
298 1758 443 1819 lustrifico
467 1766 556 1819 cantu
579 1766 680 1819 uocat:
704 1753 756 1818 ‘ite
778 1761 928 1838 perempti

116 1865 150 1907 ae
173 1864 321 1909 memores
344 1845 460 1907 abolete
483 1848 607 1926 animas3
631 1848 691 1906 sint
713 1848 773 1906 otia
795 1845 892 1928 uobis,

118 1938 158 1996 sit
182 1935 299 2014 Stygiae
323 1936 380 2008 iam
405 1935 485 1995 sedis
508 1953 604 2015 amor3
627 1935 733 2014 procul
751 1937 867 2014 agmine
891 1942 998 1995 nostro

117 2034 148 2085 et
169 2023 275 2111 procul
298 2030 360 2082 este
384 2025 458 2083 mari
482 2025 657 2102 cunctisque
681 2022 815 2083 absistite
839 2022 954 2084 bellisi

115 2132 172 2173 uos
195 2131 250 2191 ego
273 2129 329 2172 nec
353 2109 455 2171 Graias
478 2130 620 2191 umquam
643 2111 824 2172 contendere
847 2111 883 2171 ad
904 2110 996 2172 urbes

117 2219 173 2262 nec
196 2201 295 2261 triuiis
318 2198 432 2260 ululare
455 2200 562 2281 uelim,
584 2202 746 2279 pecorique
770 2201 900 2278 satisque

116 2288 213 2348 nullae
236 2287 304 2348 ideo
327 2293 428 2366 pestes
451 2306 507 2348 nec
529 2288 650 2349 luctiler
672 2291 792 2366 ingruat
814 2306 919 2369 annue,

117 2394 172 2436 nec
195 2375 298 2454 populi
321 2378 456 2436 nostriue
479 2376 563 2437 luant
586 2395 620 2436 ea
643 2376 720 2436 lacta
743 2371 895 2436 minores?

56 2508 58 2513 ,
117 2464 245 2543 dixerat,
269 2470 301 2522 et
324 2479 454 2522 summas
477 2462 688 2525 frondentibus
710 2464 811 2525 intulit
833 2465 892 2524 aris

116 2550 279 2628 libauitque
303 2549 413 2629 dapes,⁴
429 2550 538 2631 placidi
561 2569 635 2630 quas
657 2555 796 2631 protinus
820 2570 941 2632 augum,

115 2637 290 2701 umbrarum
313 2637 427 2718 famuli,
449 2638 559 2716 linguis
581 2657 709 2719 rapuere
733 2643 875 2702 coruscis,

161 2725 308 2787 Continuo
331 2744 462 2805 puppem
484 2735 587 2805 petere
611 2735 641 2789 et
664 2729 821 2789 considere
840 2731 980 2790 transtris

116 2818 243 2896 imperat
265 2813 442 2893 Ampycides
464 2833 520 2876 nec
543 2817 643 2877 uisum
666 2825 786 2878 uertere
809 2825 922 2878 terrae:
1066 2828 1138 2878 'tto

117 2904 282 2966 exciderint
304 2920 379 2980 quae
403 2912 486 2985 gesta
508 2923 709 2989 manupquae
733 2906 833 2967 debita
856 2907 931 2966 latis.

115 2992 160 3054 illi
181 2993 293 3054 alacres
316 3010 386 3071 pars
404 3010 486 3054 arma
508 2993 627 3076 locant,².
641 2992 711 3074 pars
735 2995 827 3057 ardua
851 2994 938 3055 celsis

116 3084 289 3142 insternunt
311 3080 441 3143 tabulata
464 3085 551 3147 toris)
559 3085 714 3162 oriturque
738 3091 920 3144 trementum
943 3079 960 3163 ⁷.

116 3188 269 3233 remorum
293 3176 385 3229 sonus
408 3179 439 3231 et
460 3171 554 3232 laetae
578 3171 737 3233 concordia
759 3175 852 3234 uocis.

116 3257 250 3337 luppiter
273 3265 430 3335 urgentem
453 3277 509 3320 ceu
532 3278 647 3320 summa
671 3258 816 3320 Ceraunia
838 3257 949 3318 nubem
1083 3270 1137 3319 ast

117 3362 185 3404 cum
209 3345 325 3425 pepulit
347 3348 501 3426 mouitque
524 3349 615 3428 lugia,
639 3347 749 3408 lulsere
773 3352 896 3424 repente

116 3440 147 3490 et
168 3435 261 3491 maria
284 3440 315 3492 et
336 3435 451 3512 scopuli
470 3435 641 3513 nitidusque
664 3435 819 3494 reducitur
841 3431 957 3492 aether:

55 3580 60 3589 ,
116 3520 160 3579 sic
184 3521 273 3579 animi
296 3517 414 3581 rediere
438 3525 527 3603 uiris,
544 3524 662 3600 iamque
685 3524 749 3599 ipse
773 3520 914 3597 magister
