2376 3938
109 190 175 256 210
229 189 408 248 EPISTOLA
427 189 645 244 ALEXANDRI
662 190 713 244 AD
732 189 999 258 nnlsrornnun.

108 355 213 419 laetus
236 352 356 436 factus,
381 351 530 433 ‘Dicitej
554 353 696 436 inquam,
720 351 813 416 ‘mihi
835 374 894 417 vos
919 352 982 417 duo
1007 351 1127 435 scnes‚'

108 441 325 507 humanitatis
354 461 409 506 eos
436 441 509 523 lege
536 441 694 522 mulcens,
718 440 812 524 ‘quid
840 441 884 504 sit
906 439 1008 523 istud,
1038 442 1128 524 quod

110 529 192 595 mihi
210 533 278 593 tam
297 529 425 593 illustre
444 532 564 593 ettam
584 529 768 612 significum
787 527 1005 611 pollicemini?
1041 528 1127 594 Tum

111 639 187 684 vero
214 618 385 682 exhilarati
412 616 533 682 blanda
560 638 634 681 mea
655 639 749 699 voce,
777 616 938 696 ‘Videbis
965 617 1048 702 rex,'
1076 619 1126 682 in·

84 707 241 792 aquiunt,
269 705 468 791 ‘quicunque
496 727 544 788 es,
574 706 654 770 duas
682 705 814 770 arbores
839 704 923 770 Solis
953 708 985 769 et
1012 705 1126 771 Lunae

29 815 35 827 ¹
111 796 221 861 Indice
243 800 276 859 et
294 794 416 859 Graece
434 795 614 878 loquentes,
639 816 776 878 quarum
795 816 894 858 unum
914 795 1006 858 virile
1025 796 1128 859 robur

103 879 162 948 ¹est
185 882 285 968 Solis,
309 884 446 948 alterum
469 882 661 947 femininum
684 883 810 965 Lunae,
833 886 866 946 ct
889 882 930 946 ab
953 882 1020 966 his,
1044 904 1128 967 quae

111 972 173 1036 tibi
191 972 315 1035 instent
332 971 420 1036 bona
432 975 495 1059 ,aut
513 971 607 1055 mala,
625 993 720 1035 nosse
739 969 883 1054 poteris?
918 970 990 1047 Qua
1007 992 1042 1035 re
1057 975 1127 1035 tam

112 1059 295 1124 incredibili
308 1058 376 1123 ludi
391 1081 442 1123 me
457 1081 477 1122 a
490 1059 638 1123 barbaris
654 1060 785 1124 senibus
800 1059 1000 1143 existimans,
1018 1081 1128 1142 poena

73 1167 168 1212 rocos
192 1147 332 1230 impingi
356 1150 389 1210 et
413 1146 522 1231 aliqua
541 1148 737 1212 contumelia
760 1149 841 1212 iussi
861 1149 978 1226 notari,
1000 1147 1059 1212 illa
1082 1148 1128 1211 di-

114 1257 202 1299 cens:
226 1233 335 1298 ‘Itane
364 1257 402 1304 eo
420 1236 585 1307 maiestas
609 1258 681 1300 mea
704 1237 866 1319 pervenit,
896 1237 936 1300 ab
961 1235 1129 1301 occidente

113 1324 148 1386 in
172 1323 338 1405 orientem,
361 1327 398 1386 ut
422 1346 440 1387 a
464 1324 596 1388 senibus
615 1325 763 1391 barbaris
780 1347 821 1400 ¹ac
840 1324 1009 1409 decrepitis
1030 1324 1125 1388 illudi

113 1411 225 1475 videar
248 1411 377 1496 posse?
424 1411 547 1488 Quibus
570 1413 753 1477 iurantibus
778 1435 812 1476 se
834 1414 918 1478 nihil
941 1412 1018 1477 falsi
1040 1434 1130 1476 com-

114 1500 292 1584 miniscere,
311 1500 490 1583 experirem
509 1501 605 1566 modo
625 1523 667 1565 an
680 1523 756 1566 vera
771 1501 923 1585 dicerent,
940 1504 1129 1585 reperturus

75 1607 101 1649 ra
114 1589 206 1654 brevi
238 1589 286 1660 id,
302 1610 371 1654 non
399 1610 469 1655 esse
495 1611 628 1674 xanum,
655 1590 830 1657 orantibus
863 1590 974 1657 amicis
1003 1590 1129 1658 comiti·

114 1678 240 1761 busque
268 1678 362 1758 meis,
391 1699 445 1753 ne,
465 1677 523 1745 rei·
545 1679 762 1761 experimento
793 1679 1034 1760 fraudarentur,
1065 1683 1129 1743 tre-

115 1771 210 1832 centa
223 1765 314 1834 milia
329 1788 401 1831 cum
416 1789 456 1851 eq
481 1767 563 1835 'tatu
580 1788 706 1832 mecum
720 1768 819 1848 traxi,
834 1767 978 1833 remissis
993 1767 1027 1832 in
1042 1766 1130 1832 Pha·

116 1855 224 1919 siacen
256 1854 358 1937 copiis
390 1877 463 1926 cum
493 1855 687 1939 quibusdam
715 1855 890 1939 praefectis
921 1855 1131 1939 exercituque

115 1946 242 2026 cuncto,
265 1964 338 2007 cum
362 1943 542 2026 elephantis
566 1947 598 2011 et
621 1943 707 2008 Poro
730 1966 808 2029 rege
832 1948 865 2008 et
887 1945 1130 2028 impedimentis

76 2032 275 2097 nomnibus.
320 2029 397 2098 Mox
426 2035 533 2095 autem
562 2032 647 2097 lecto
676 2033 793 2098 robore
821 2033 997 2098 iuventutis
1027 2033 1131 2096 admi·

115 2119 233 2184 rabilia
263 2119 365 2184 visuri
396 2121 578 2203 spectacula
607 2121 745 2204 profecti
778 2144 905 2206 sumus,
938 2121 1130 2186 ducentibus

115 2207 268 2271 Indorum
299 2208 444 2292 senibus,
477 2209 532 2292 qui
562 2230 635 2293 nos,
666 2213 704 2273 ut
735 2210 895 2294 dixerant,
926 2232 985 2294 per
1016 2210 1132 2275 inania

116 2300 149 2359 et
179 2295 308 2380 egentia
337 2297 527 2379 plerumque
557 2319 714 2380 aquarum
740 2299 901 2382 plenaque
931 2297 1131 2382 serpentium

116 2431 169 2484 ego
183 2415 249 2469 ilico
259 2416 451 2470 laetus'factus
461 2416 525 2472 dP.
555 2417 627 2472 Tum
637 2434 703 2488 ergo
715 2422 778 2488 (ego
786 2420 832 2488 L.)
848 2436 903 2486 quo
913 2419 989 2474 iacto
998 2419 1090 2473 laetus
1099 2440 1131 2475 ω.

118 2487 179 2539 tum
198 2502 250 2552 ego
268 2487 361 2540 laetus
375 2486 405 2540 V.
438 2487 499 2540 tum
518 2505 570 2558 ego
589 2505 622 2542 eo
640 2505 773 2558 responso
793 2490 884 2544 laetus
897 2491 937 2544 H.
976 2497 990 2544 1
1010 2507 1060 2544 vos
1079 2507 1132 2547 om.

117 2554 321 2610 LVGMH.
355 2556 409 2610 duo
428 2573 478 2612 om.
497 2559 532 2617 B.
579 2559 778 2616 2demulcens
798 2560 826 2614 0.
859 2561 932 2617 illud
951 2561 980 2615 0.
1026 2567 1132 2616 ivero

118 2625 194 2697 cxh.]
213 2645 283 2681 unus
302 2625 473 2682 exhilaratus
492 2629 531 2683 H.
568 2629 700 2699 inquiunt
713 2631 786 2692 LV.
805 2630 899 2699 inquit
912 2631 1131 2687 B.G.M.P.H.

117 2697 197 2752 aiunt
222 2697 251 2752 0.
359 2699 483 2753 6virilis
507 2700 536 2754 O.
569 2717 687 2768 quarum
709 2702 818 2771 lignum
841 2702 921 2757 virile
945 2705 988 2756 est
1011 2703 1065 2757 Sol.
1090 2703 1132 2756 H.

118 2772 134 2821 8
153 2767 260 2822 instent
276 2768 333 2826 Ed.
353 2770 442 2826 Basti.
467 2771 600 2828 insistent
614 2773 738 2828 G.B.M.
747 2772 779 2826 V.
806 2773 915 2827 instant
933 2773 971 2828 H.
997 2772 1135 2828 insistunt

118 2843 165 2894 cet.
204 2838 294 2904 Quam
312 2856 371 2894 rem
389 2841 509 2901 tuncL.
557 2848 636 2900 9me
656 2842 752 2898 deludi
771 2843 801 2898 0.
825 2843 909 2898 illudi.
924 2844 964 2899 H
1016 2849 1048 2897 11
1068 2860 1133 2912 per-

117 2908 198 2965 venit
215 2911 275 2982 etc]
294 2912 450 2979 penetrarit
468 2914 667 2981 (penetraverit
685 2915 728 2984 P.)
748 2915 784 2968 ab
804 2916 910 2970 oriente
930 2931 1018 2983 usque
1037 2916 1068 2967 in
1087 2932 1134 2970 oc·

118 2981 257 3037 cidentem
278 2981 345 3036 01³.
398 2988 431 3036 13
450 2982 660 3040 comminiscere
680 2986 708 3040 0.
734 2987 913 3041 commiscere
932 2991 978 3042 cet.
1031 2991 1065 3038 14
1085 3002 1133 3040 ex-

117 3053 238 3122 perirem
249 3052 278 3110 0.
298 3054 423 3125 experire
433 3076 463 3112 ω.
484 3055 604 3125 experiri
623 3057 736 3111 modum
752 3056 848 3119 censui
860 3057 891 3115 V.
912 3057 1032 3125 experiri
1046 3056 1132 3111 modo

117 3125 513 3251 striatarum
534 3128 796 3267 actitat
808 3199 843 3253 H
865 3125 1075 3252 matitia
1088 3128 1133 3252 ii

118 3266 216 3321 ouaB.
240 3267 318 3323 exO.
386 3273 420 3321 20
440 3271 534 3323 autem
552 3285 602 3324 om.
618 3269 692 3324 mH.
725 3270 798 3324 lecto
813 3270 852 3325 H.
872 3270 929 3325 leto
944 3290 974 3325 ω.
995 3268 1087 3323 electo
1104 3269 1133 3324 0.

118 3341 151 3389 21
173 3336 292 3405 profecti
316 3355 410 3392 sumus
433 3356 483 3394 om.
502 3339 542 3394 H.
561 3341 665 3394 addens
680 3339 738 3397 iter
757 3341 910 3410 accipimus
930 3345 993 3409 post
1011 3340 1133 3395 senibus.

119 3406 287 3462 ducentibus
295 3409 419 3464 nobisB.
435 3410 461 3465 d.
471 3427 521 3464 nos
528 3410 559 3465 V.
590 3416 623 3464 22
640 3410 800 3464 dixeruntL
815 3412 848 3467 G.
855 3412 927 3467 V.B.
942 3411 1133 3467 duxeruntM.

112 3474 165 3542 qui
185 3495 264 3547 mox,
291 3483 322 3535 ut
346 3481 466 3536 diximus
490 3481 529 3537 H.
565 3481 700 3537 immania
721 3482 761 3536 H.
846 3489 879 3538 23
899 3484 1039 3551 plenaque
1057 3483 1134 3538 Keil.

94 3562 156 3613 per
176 3548 278 3620 aliqua
303 3554 372 3610 caO.
412 3572 464 3627 per
489 3554 602 3627 aliquot
621 3553 661 3611 Η.
694 3570 748 3625 per
768 3552 869 3606 inania
889 3555 921 3604 et
940 3554 1054 3619 sqem'xa
1069 3554 1139 3605 teca
