2362 3938
359 189 652 247 moounurroou
669 192 780 247 ιιιιιιι
797 195 818 248 ι.
1012 198 1014 202 “
1058 197 1108 262 15».

76 338 101 400 it
124 333 220 399 ratis?
243 355 281 400 an
304 339 427 400 meritos
450 340 494 400 fas
518 347 548 400 et
571 338 644 400 nrilri
666 359 806 420 rumpere
831 340 977 421 questus?
1065 404 1070 414 ,

78 427 137 487 hoe
161 434 299 488 metuens
324 435 354 489 et
377 446 474 507 nequa
496 429 574 489 foret
596 446 701 490 manus
724 430 826 491 inuida
848 439 927 515 nato,

78 535 140 577 non
162 517 278 578 mediae
301 516 419 577 telluris
443 535 527 599 opes,
550 536 611 578 uon
634 517 759 597 inproba
781 517 840 597 legi
1045 532 1107 585 510«

80 605 183 667 diuitis
206 623 279 667 arua
300 604 403 684 plagae
427 599 547 688 (tenent
569 605 720 668 uberrima
743 606 859 668 Teucer

79 703 110 754 et
131 692 222 774 Libys
245 702 275 755 ot
298 696 393 755 uestri
415 693 534 775 Pelopis
557 688 691 777 domus):
713 695 834 757 horrida
857 714 946 758 saeuo

80 801 155 863 quae
178 785 292 864 premis
315 800 388 844 arua
410 782 479 862 gelu
502 785 683 863 strictosque
706 781 870 846 insedimus
893 803 1003 848 amnes.
1085 789 1087 793 ’

80 872 203 933 eederet
223 871 325 932 hist
295 874 384 933 etiam
408 880 437 932 ιι
460 889 526 932 ιιιι
550 874 614 932 sine
637 873 750 933 honore
774 873 903 934 referret

80 961 222 1043 ulterius,
245 960 298 1021 sed
320 959 400 1020 nube
424 962 525 1040 rigens
549 979 582 1022 ao
605 963 706 1021 nescia
729 963 811 1022 ueris
1047 973 1110 1025 515x

81 1058 140 1111 stat
163 1056 305 1152 superet
326 1057 446 1109 nostros
470 1052 528 1109 iam
550 1067 624 1109 zona
646 1048 822 1111 reuerberat
809 1053 937 1130 lignes.

81 1137 153 1216 quid
176 1139 259 1216 regio
282 1138 423 1219 inmanis,
446 1137 518 1217 quid
542 1137 686 1198 barbarus
709 1139 846 1199 amnibus
869 1139 939 1201 ullis

80 1226 185 1287 Phasis
209 1234 240 1287 et
263 1228 378 1286 auersis
400 1227 501 1305 proles
524 1244 590 1286 mea
613 1234 684 1306 gent
671 1226 751 1288 tibus
774 1224 897 1289 obstat?

80 1315 152 1393 quid
171 1314 286 1393 Minyae
309 1332 447 1375 meruere
472 1308 580 1394 queri?
602 1333 675 1376 num
698 1315 810 1377 uellere
834 1316 922 1378 Graio

79 1405 111 1464 ui
134 1397 272 1483 potitur?
293 1404 420 1482 profugo
444 1405 517 1482 quin
541 1407 656 1482 agmina
679 1405 803 1483 iungere
826 1404 936 1465 Phrixo
1046 1417 1110 1468 520³

81 1491 186 1552 abnuit
209 1491 295 1552 Inoas
318 1491 399 1552 ultor
422 1510 479 1553 neo
501 1495 585 1553 uenit
604 1493 640 1552 ad
664 1510 738 1573 aras,

80 1581 200 1660 imperii
224 1580 276 1641 sed
299 1588 383 1660 parte
406 1583 508 1641 uirum
529 1588 675 1660 nataeque
699 1588 832 1640 moratus

82 1670 220 1748 coniugio
243 1667 327 1730 uidet
349 1688 366 1729 e
390 1668 477 1730 Graia
500 1688 581 1730 nuno
603 1671 697 1748 stirpe
720 1676 845 1748 nepotes

82 1776 118 1818 en
142 1767 277 1840 teneros,
301 1764 389 1818 uoeat
412 1765 442 1819 et
465 1759 581 1819 iunctas
608 1757 665 1818 sibi
688 1759 831 1836 sanguine
855 1764 959 1818 terras.

81 1847 167 1909 flecte
191 1854 287 1909 ratem
309 1854 481 1928 motusque,
504 1854 603 1930 pater,
626 1865 682 1906 neo
705 1845 831 1906 uulnere
855 1852 958 1906 nostro
1044 1855 1110 1910 525³-

82 1953 211 2015 aequora
234 1935 330 2015 pande
353 1937 441 1997 uiris:
464 1938 577 1996 ueteris
596 1943 642 1995 sat
665 1935 783 1995 conseia
806 1933 905 1995 luctus

82 2023 157 2084 silua
180 2023 253 2085 Padi
276 2032 307 2085 et
329 2026 395 2085 uiso
419 2023 525 2085 flentes
549 2025 683 2102 genitore
708 2016 849 2083 sorores'

82 2112 221 2174 adfremit
242 2112 290 2172 his
313 2120 492 2193 quassatque
516 2119 605 2193 caput
628 2113 680 2192 qui
702 2111 815 2172 uellera
838 2110 915 2171 dono

82 2199 261 2280 bellipotens
284 2200 341 2261 sibi
363 2202 420 2262 fixa
444 2202 526 2262 uidet
548 2208 674 2281 tempta,
697 2208 821 2279 actaque
845 2206 948 2260 eontra

81 2289 177 2350 Pallas
201 2297 232 2350 et
254 2288 409 2350 amborum
433 2292 546 2368 gemuit
533 2289 708 2350 tSaturnia
732 2296 865 2368 questus.
1046 2298 1107 2350 530·

172 2376 250 2439 Tum
272 2379 389 2456 genitor
412 2373 528 2439 uetera
550 2377 624 2438 haee
647 2377 788 2438 nobiset
811 2377 928 2437 condita
950 2384 1080 2477 pergumt

82 2467 187 2528 ordine
212 2473 319 2527 cuneta
342 2485 396 2527 suo
420 2484 582 2570 rerumque
606 2485 623 2526 a
644 2468 779 2547 principe
803 2484 894 2527 eursu

81 2555 138 2616 lixa
162 2562 296 2616 manent·
288 2573 417 2636 ‚neque
442 2557 522 2616 enim
544 2557 633 2616 terris
657 2563 721 2616 tum
745 2556 864 2634 sanguis
886 2555 919 2614 in
941 2553 1010 2615 ullis

81 2652 186 2705 noster
209 2649 288 2725 erat,
311 2662 380 2704 oum
403 2644 462 2708 fata
433 2643 601 2724 tadarem3
624 2645 755 2722 iustique
779 2643 903 2704 facultas

81 2731 151 2793 hine
175 2730 262 2813 milri,
285 2752 355 2794 eum
377 2734 477 2792 uarios
501 2740 650 2794 struerem
673 2751 728 2811 per
751 2731 868 2792 saeorda
892 2748 986 2810 reges.
1046 2740 1114 2791 535·-

82 2821 179 2900 adque
203 2838 258 2900 ego
282 2839 423 2883 curarum
445 2828 578 2900 repetam
602 2821 721 2881 decreta
744 2838 885 2881 mearum.

81 2911 138 2970 iam
163 2908 281 2989 pridem
303 2912 399 2992 regio,
424 2927 498 2989 quae
521 2911 648 2988 uirginis
671 2927 783 2993 aequor
806 2908 842 2968 ad
865 2906 965 2967 Helles

82 3005 112 3059 ιι
135 2997 251 3058 Tanain
274 3006 363 3059 tenus
386 3000 522 3059 inmenso
546 2998 699 3058 deseendit
722 2996 758 3056 ab
782 2996 873 3075 Euro,

81 3086 175 3147 undat
198 3089 283 3166 equis
306 3086 452 3166 floretque
475 3088 562 3168 uiris,
585 3104 641 3146 neo
663 3084 768 3145 tollere
787 3089 890 3143 eontra

81 3173 142 3235 ulla
164 3192 252 3254 pares
275 3177 390 3236 animos
411 3193 580 3253 nomenque
604 3190 759 3254 capessere
782 3170 868 3231 bellis
1046 3178 1116 3229 otu·

81 3280 153 3324 ausa
176 3281 295 3344 mauus3
319 3267 362 3325 sio
386 3264 457 3347 fata,
480 3263 562 3324 looos
585 3264 628 3323 sio
651 3263 714 3342 ipse
739 3258 884 3320 fouebam.

82 3350 233 3413 adcelerat
256 3353 309 3414 sed
333 3371 448 3413 summa
471 3352 534 3413 dies
557 3351 714 3428 Asiamque
738 3347 885 3409 labantem
908 3416 912 3426 ¹

82 3437 247 3520 linquimus
270 3449 300 3502 ιι
323 3450 452 3520 poscunt
474 3444 532 3501 iam
555 3458 602 3500 me
627 3457 680 3498 sua
703 3445 836 3517 tempora
859 3435 936 3496 Grai.

79 3529 150 3591 iude
174 3547 257 3591 meae
281 3548 411 3609 quereus
434 3527 626 3609 tripodesque
650 3527 822 3604 animaeque
846 3530 1007 3606 parentum
