<?xml version="1.0" encoding="UTF-8"?>
<!DOCTYPE html PUBLIC "-//W3C//DTD XHTML 1.0 Transitional//EN"
    "http://www.w3.org/TR/xhtml1/DTD/xhtml1-transitional.dtd">
<html xmlns="http://www.w3.org/1999/xhtml" xml:lang="en" lang="en">
 <head>
  <title>
</title>
<meta http-equiv="Content-Type" content="text/html;charset=utf-8" />
  <meta name='ocr-system' content='tesseract 3.04.00' />
  <meta name='ocr-capabilities' content='ocr_page ocr_carea ocr_par ocr_line ocrx_word'/>
</head>
<body>
  <div class='ocr_page' id='page_1' title='image "./domitiivlpianiq00huscgoog/domitiivlpianiq00huscgoog_0304.png"; bbox 0 0 2362 3938; ppageno 0'>
   <div class='ocr_carea' id='block_1_1' title="bbox 268 182 1116 269">
    <p class='ocr_par' dir='ltr' id='par_1_1' title="bbox 268 182 1116 269">
     <span class='ocr_line' id='line_1_1' title="bbox 268 182 1116 269; baseline 0.014 -12"><span class='ocrx_word' id='word_1_1' title='bbox 268 182 271 188; x_wconf 81' lang='grc'><strong>’</strong></span> <span class='ocrx_word' id='word_1_2' title='bbox 353 203 468 260; x_wconf 70' lang='lat' dir='ltr'><strong>Parus</strong></span> <span class='ocrx_word' id='word_1_3' title='bbox 486 203 691 261; x_wconf 81' lang='lat' dir='ltr'><strong>assrousio</strong></span> <span class='ocrx_word' id='word_1_4' title='bbox 709 205 867 262; x_wconf 77' lang='lat' dir='ltr'><strong>omniur.</strong></span> <span class='ocrx_word' id='word_1_5' title='bbox 1053 203 1116 269; x_wconf 86' lang='lat'><strong>181</strong></span> 
     </span>
    </p>
   </div>
   <div class='ocr_carea' id='block_1_2' title="bbox 98 367 1156 1958">
    <p class='ocr_par' dir='ltr' id='par_1_2' title="bbox 98 367 1156 1958">
     <span class='ocr_line' id='line_1_2' title="bbox 102 367 1114 452; baseline 0.002 -22"><span class='ocrx_word' id='word_1_6' title='bbox 102 367 254 450; x_wconf 80' lang='lat' dir='ltr'><strong>exegerit,</strong></span> <span class='ocrx_word' id='word_1_7' title='bbox 278 388 447 432; x_wconf 89' lang='lat' dir='ltr'><strong>commune</strong></span> <span class='ocrx_word' id='word_1_8' title='bbox 471 367 534 432; x_wconf 86' lang='lat' dir='ltr'>sibi</span> <span class='ocrx_word' id='word_1_9' title='bbox 552 367 701 451; x_wconf 85' lang='lat' dir='ltr'><strong>pulvinar</strong></span> <span class='ocrx_word' id='word_1_10' title='bbox 722 368 841 452; x_wconf 87' lang='lat' dir='ltr'><strong>offerri,</strong></span> <span class='ocrx_word' id='word_1_11' title='bbox 865 368 921 434; x_wconf 86' lang='lat' dir='ltr'><strong>sed</strong></span> <span class='ocrx_word' id='word_1_12' title='bbox 944 367 1114 452; x_wconf 89' lang='lat' dir='ltr'><strong>unusquis·</strong></span> 
     </span>
     <span class='ocr_line' id='line_1_3' title="bbox 100 455 1114 540; baseline 0.001 -20"><span class='ocrx_word' id='word_1_13' title='bbox 100 478 163 540; x_wconf 88' lang='lat' dir='ltr'><strong>que</strong></span> <span class='ocrx_word' id='word_1_14' title='bbox 187 456 265 520; x_wconf 90' lang='lat' dir='ltr'><strong>deus</strong></span> <span class='ocrx_word' id='word_1_15' title='bbox 284 455 434 540; x_wconf 93' lang='lat' dir='ltr'><strong>proprios</strong></span> <span class='ocrx_word' id='word_1_16' title='bbox 454 456 603 521; x_wconf 88' lang='lat' dir='ltr'><strong>flamines</strong></span> <span class='ocrx_word' id='word_1_17' title='bbox 622 460 655 521; x_wconf 87' lang='lat' dir='ltr'><strong>ot</strong></span> <span class='ocrx_word' id='word_1_18' title='bbox 673 459 761 522; x_wconf 89' lang='lat' dir='ltr'><strong>sorte</strong></span> <span class='ocrx_word' id='word_1_19' title='bbox 786 457 849 522; x_wconf 89' lang='lat' dir='ltr'><strong>sibi</strong></span> <span class='ocrx_word' id='word_1_20' title='bbox 867 457 979 522; x_wconf 90' lang='lat' dir='ltr'><strong>datum</strong></span> <span class='ocrx_word' id='word_1_21' title='bbox 998 479 1114 522; x_wconf 88' lang='lat' dir='ltr'><strong>munus</strong></span> 
     </span>
     <span class='ocr_line' id='line_1_4' title="bbox 100 543 1114 630; baseline 0.002 -21"><span class='ocrx_word' id='word_1_22' title='bbox 100 544 297 629; x_wconf 89' lang='lat' dir='ltr'><strong>assequitur,</strong></span> <span class='ocrx_word' id='word_1_23' title='bbox 325 545 354 608; x_wconf 90' lang='lat' dir='ltr'><strong>si</strong></span> <span class='ocrx_word' id='word_1_24' title='bbox 377 547 488 609; x_wconf 88' lang='lat' dir='ltr'><strong>tamen</strong></span> <span class='ocrx_word' id='word_1_25' title='bbox 512 543 557 609; x_wconf 90' lang='lat' dir='ltr'><strong>dii</strong></span> <span class='ocrx_word' id='word_1_26' title='bbox 581 544 767 629; x_wconf 88' lang='lat' dir='ltr'><strong>appellandi</strong></span> <span class='ocrx_word' id='word_1_27' title='bbox 790 548 881 624; x_wconf 86' lang='lat' dir='ltr'><strong>sunt,</strong></span> <span class='ocrx_word' id='word_1_28' title='bbox 909 544 1028 628; x_wconf 89' lang='lat' dir='ltr'><strong>quibus</strong></span> <span class='ocrx_word' id='word_1_29' title='bbox 1056 567 1114 630; x_wconf 93' lang='lat' dir='ltr'><strong>po-</strong></span> 
     </span>
     <span class='ocr_line' id='line_1_5' title="bbox 99 633 1116 699; baseline -0.001 -1"><span class='ocrx_word' id='word_1_30' title='bbox 99 637 202 698; x_wconf 88' lang='lat' dir='ltr'><strong>testas</strong></span> <span class='ocrx_word' id='word_1_31' title='bbox 225 633 289 698; x_wconf 88' lang='lat' dir='ltr'><strong>nisi</strong></span> <span class='ocrx_word' id='word_1_32' title='bbox 314 633 464 698; x_wconf 87' lang='lat' dir='ltr'><strong>incertis</strong></span> <span class='ocrx_word' id='word_1_33' title='bbox 488 633 619 699; x_wconf 88' lang='lat' dir='ltr'><strong>sibimet</strong></span> <span class='ocrx_word' id='word_1_34' title='bbox 638 634 810 699; x_wconf 85' lang='lat' dir='ltr'><strong>offerendis</strong></span> <span class='ocrx_word' id='word_1_35' title='bbox 830 633 1024 699; x_wconf 78' lang='lat' dir='ltr'>animalibus</span> <span class='ocrx_word' id='word_1_36' title='bbox 1048 655 1116 698; x_wconf 91' lang='lat' dir='ltr'><strong>non</strong></span> 
     </span>
     <span class='ocr_line' id='line_1_6' title="bbox 100 721 1144 808; baseline -0.001 -21"><span class='ocrx_word' id='word_1_37' title='bbox 100 724 151 787; x_wconf 89' lang='lat' dir='ltr'><strong>est</strong></span> <span class='ocrx_word' id='word_1_38' title='bbox 174 722 260 786; x_wconf 87' lang='lat' dir='ltr'><strong>data.</strong></span> <span class='ocrx_word' id='word_1_39' title='bbox 306 721 415 807; x_wconf 89' lang='lat' dir='ltr'><strong>Digna</strong></span> <span class='ocrx_word' id='word_1_40' title='bbox 438 725 516 786; x_wconf 84' lang='lat' dir='ltr'><strong>vota</strong></span> <span class='ocrx_word' id='word_1_41' title='bbox 538 723 590 788; x_wconf 86' lang='lat' dir='ltr'><strong>vel</strong></span> <span class='ocrx_word' id='word_1_42' title='bbox 612 724 721 806; x_wconf 92' lang='lat' dir='ltr'><strong>potius</strong></span> <span class='ocrx_word' id='word_1_43' title='bbox 750 723 849 808; x_wconf 87' lang='lat' dir='ltr'><strong>digna</strong></span> <span class='ocrx_word' id='word_1_44' title='bbox 875 724 1039 787; x_wconf 90' lang='lat' dir='ltr'><strong>tormenta</strong></span> <span class='ocrx_word' id='word_1_45' title='bbox 1062 743 1144 797; x_wconf 69' lang='grc'><strong>11-1,</strong></span> 
     </span>
     <span class='ocr_line' id='line_1_7' title="bbox 100 809 1116 894; baseline 0.001 -20"><span class='ocrx_word' id='word_1_46' title='bbox 100 810 177 875; x_wconf 91' lang='lat' dir='ltr'><strong>stris</strong></span> <span class='ocrx_word' id='word_1_47' title='bbox 202 809 365 875; x_wconf 90' lang='lat' dir='ltr'><strong>erroribus</strong></span> <span class='ocrx_word' id='word_1_48' title='bbox 389 810 561 876; x_wconf 74' lang='lat' dir='ltr'><strong>exhibetis.</strong></span> <span class='ocrx_word' id='word_1_49' title='bbox 606 811 655 877; x_wconf 85' lang='lat' dir='ltr'><strong>Re</strong></span> <span class='ocrx_word' id='word_1_50' title='bbox 679 811 765 877; x_wconf 91' lang='lat' dir='ltr'><strong>enim</strong></span> <span class='ocrx_word' id='word_1_51' title='bbox 788 833 866 877; x_wconf 87' lang='lat' dir='ltr'><strong>vera</strong></span> <span class='ocrx_word' id='word_1_52' title='bbox 888 833 954 875; x_wconf 91' lang='lat' dir='ltr'><strong>non</strong></span> <span class='ocrx_word' id='word_1_53' title='bbox 977 811 1116 894; x_wconf 88' lang='lat' dir='ltr'><strong>opitula-</strong></span> 
     </span>
     <span class='ocr_line' id='line_1_8' title="bbox 98 899 1116 985; baseline 0 -22"><span class='ocrx_word' id='word_1_54' title='bbox 98 904 187 965; x_wconf 87' lang='lat' dir='ltr'><strong>tores</strong></span> <span class='ocrx_word' id='word_1_55' title='bbox 221 899 313 984; x_wconf 90' lang='lat' dir='ltr'><strong>deos,</strong></span> <span class='ocrx_word' id='word_1_56' title='bbox 347 899 403 964; x_wconf 89' lang='lat' dir='ltr'><strong>sed</strong></span> <span class='ocrx_word' id='word_1_57' title='bbox 434 899 601 965; x_wconf 88' lang='lat' dir='ltr'><strong>carnifices</strong></span> <span class='ocrx_word' id='word_1_58' title='bbox 634 901 821 966; x_wconf 86' lang='lat' dir='ltr'><strong>teterrimos</strong></span> <span class='ocrx_word' id='word_1_59' title='bbox 850 900 1027 982; x_wconf 86' lang='lat' dir='ltr'><strong>invocatis,</strong></span> <span class='ocrx_word' id='word_1_60' title='bbox 1059 899 1116 985; x_wconf 90' lang='lat' dir='ltr'><strong>qui</strong></span> 
     </span>
     <span class='ocr_line' id='line_1_9' title="bbox 98 985 1115 1072; baseline 0 -19"><span class='ocrx_word' id='word_1_61' title='bbox 98 989 223 1053; x_wconf 82' lang='lat' dir='ltr'><strong>viscera</strong></span> <span class='ocrx_word' id='word_1_62' title='bbox 242 991 351 1053; x_wconf 88' lang='lat' dir='ltr'><strong>vestra</strong></span> <span class='ocrx_word' id='word_1_63' title='bbox 370 989 605 1071; x_wconf 80' lang='lat' dir='ltr'><strong>suppliciorum</strong></span> <span class='ocrx_word' id='word_1_64' title='bbox 621 989 807 1055; x_wconf 86' lang='lat' dir='ltr'><strong>diversitate</strong></span> <span class='ocrx_word' id='word_1_65' title='bbox 826 989 1020 1072; x_wconf 89' lang='lat' dir='ltr'><strong>discerpant.</strong></span> <span class='ocrx_word' id='word_1_66' title='bbox 1050 985 1115 1054; x_wconf 86' lang='lat' dir='ltr'><strong>Ne·</strong></span> 
     </span>
     <span class='ocr_line' id='line_1_10' title="bbox 99 1077 1116 1163; baseline -0.002 -21"><span class='ocrx_word' id='word_1_67' title='bbox 99 1099 189 1142; x_wconf 89' lang='lat' dir='ltr'><strong>cesse</strong></span> <span class='ocrx_word' id='word_1_68' title='bbox 217 1080 268 1141; x_wconf 88' lang='lat' dir='ltr'><strong>est</strong></span> <span class='ocrx_word' id='word_1_69' title='bbox 296 1077 382 1141; x_wconf 90' lang='lat' dir='ltr'><strong>enim</strong></span> <span class='ocrx_word' id='word_1_70' title='bbox 410 1079 444 1141; x_wconf 92' lang='lat' dir='ltr'><strong>in</strong></span> <span class='ocrx_word' id='word_1_71' title='bbox 472 1098 607 1160; x_wconf 88' lang='lat' dir='ltr'><strong>corpore</strong></span> <span class='ocrx_word' id='word_1_72' title='bbox 630 1083 738 1143; x_wconf 86' lang='lat' dir='ltr'><strong>vestro</strong></span> <span class='ocrx_word' id='word_1_73' title='bbox 766 1082 817 1144; x_wconf 93' lang='lat' dir='ltr'><strong>tot</strong></span> <span class='ocrx_word' id='word_1_74' title='bbox 845 1099 968 1163; x_wconf 87' lang='lat' dir='ltr'><strong>poenas</strong></span> <span class='ocrx_word' id='word_1_75' title='bbox 997 1077 1116 1142; x_wconf 90' lang='lat' dir='ltr'><strong>consti-</strong></span> 
     </span>
     <span class='ocr_line' id='line_1_11' title="bbox 99 1165 1156 1252; baseline -0.001 -21"><span class='ocrx_word' id='word_1_76' title='bbox 99 1168 188 1231; x_wconf 88' lang='lat' dir='ltr'><strong>tutas</strong></span> <span class='ocrx_word' id='word_1_77' title='bbox 212 1187 293 1249; x_wconf 88' lang='lat' dir='ltr'><strong>esse,</strong></span> <span class='ocrx_word' id='word_1_78' title='bbox 316 1168 396 1250; x_wconf 89' lang='lat' dir='ltr'><strong>quot</strong></span> <span class='ocrx_word' id='word_1_79' title='bbox 415 1165 459 1231; x_wconf 91' lang='lat' dir='ltr'><strong>dii</strong></span> <span class='ocrx_word' id='word_1_80' title='bbox 483 1170 567 1250; x_wconf 90' lang='lat' dir='ltr'><strong>sunt,</strong></span> <span class='ocrx_word' id='word_1_81' title='bbox 590 1167 666 1230; x_wconf 89' lang='lat' dir='ltr'><strong>dum</strong></span> <span class='ocrx_word' id='word_1_82' title='bbox 686 1167 805 1252; x_wconf 85' lang='lat' dir='ltr'><strong>singuli</strong></span> <span class='ocrx_word' id='word_1_83' title='bbox 829 1168 896 1232; x_wconf 88' lang='lat' dir='ltr'><strong>suis</strong></span> <span class='ocrx_word' id='word_1_84' title='bbox 915 1188 974 1233; x_wconf 86' lang='lat' dir='ltr'><strong>vos</strong></span> <span class='ocrx_word' id='word_1_85' title='bbox 994 1170 1156 1252; x_wconf 76' lang='lat' dir='ltr'><strong>coguatio</strong></span> 
     </span>
     <span class='ocr_line' id='line_1_12' title="bbox 99 1253 1116 1341; baseline 0.003 -23"><span class='ocrx_word' id='word_1_86' title='bbox 99 1254 256 1319; x_wconf 84' lang='lat' dir='ltr'><strong>inservire</strong></span> <span class='ocrx_word' id='word_1_87' title='bbox 275 1255 436 1319; x_wconf 87' lang='lat' dir='ltr'><strong>ludibriis.</strong></span> <span class='ocrx_word' id='word_1_88' title='bbox 472 1253 565 1320; x_wconf 90' lang='lat' dir='ltr'><strong>Unus</strong></span> <span class='ocrx_word' id='word_1_89' title='bbox 587 1255 692 1321; x_wconf 87' lang='lat' dir='ltr'><strong>trahit</strong></span> <span class='ocrx_word' id='word_1_90' title='bbox 715 1257 756 1320; x_wconf 83' lang='lat' dir='ltr'><strong>ad</strong></span> <span class='ocrx_word' id='word_1_91' title='bbox 778 1257 910 1341; x_wconf 89' lang='lat' dir='ltr'><strong>bellum,</strong></span> <span class='ocrx_word' id='word_1_92' title='bbox 934 1256 1018 1321; x_wconf 87' lang='lat' dir='ltr'><strong>alter</strong></span> <span class='ocrx_word' id='word_1_93' title='bbox 1041 1276 1116 1321; x_wconf 86' lang='lat' dir='ltr'><strong>cun·</strong></span> 
     </span>
     <span class='ocr_line' id='line_1_13' title="bbox 99 1343 1117 1428; baseline 0.003 -22"><span class='ocrx_word' id='word_1_94' title='bbox 99 1344 173 1407; x_wconf 87' lang='lat' dir='ltr'><strong>dem</strong></span> <span class='ocrx_word' id='word_1_95' title='bbox 205 1343 294 1408; x_wconf 91' lang='lat' dir='ltr'><strong>ducit</strong></span> <span class='ocrx_word' id='word_1_96' title='bbox 323 1343 365 1407; x_wconf 88' lang='lat' dir='ltr'><strong>ad</strong></span> <span class='ocrx_word' id='word_1_97' title='bbox 395 1343 523 1428; x_wconf 86' lang='lat' dir='ltr'><strong>luxum,</strong></span> <span class='ocrx_word' id='word_1_98' title='bbox 556 1344 611 1408; x_wconf 89' lang='lat' dir='ltr'><strong>ille</strong></span> <span class='ocrx_word' id='word_1_99' title='bbox 642 1345 788 1410; x_wconf 89' lang='lat' dir='ltr'><strong>lucrandi</strong></span> <span class='ocrx_word' id='word_1_100' title='bbox 821 1366 935 1410; x_wconf 86' lang='lat' dir='ltr'><strong>causas</strong></span> <span class='ocrx_word' id='word_1_101' title='bbox 964 1345 1117 1409; x_wconf 88' lang='lat' dir='ltr'><strong>hortatur</strong></span> 
     </span>
     <span class='ocr_line' id='line_1_14' title="bbox 99 1432 1116 1518; baseline 0 -22"><span class='ocrx_word' id='word_1_102' title='bbox 99 1432 230 1516; x_wconf 85' lang='lat' dir='ltr'><strong>inquiri,</strong></span> <span class='ocrx_word' id='word_1_103' title='bbox 253 1432 307 1496; x_wconf 90' lang='lat' dir='ltr'><strong>hic</strong></span> <span class='ocrx_word' id='word_1_104' title='bbox 331 1432 528 1496; x_wconf 90' lang='lat' dir='ltr'><strong>desiderium</strong></span> <span class='ocrx_word' id='word_1_105' title='bbox 547 1435 695 1518; x_wconf 74' lang='lat' dir='ltr'><strong>suggerit</strong></span> <span class='ocrx_word' id='word_1_106' title='bbox 715 1435 876 1517; x_wconf 89' lang='lat' dir='ltr'><strong>epulandi.</strong></span> <span class='ocrx_word' id='word_1_107' title='bbox 912 1432 1032 1498; x_wconf 87' lang='lat' dir='ltr'><strong>Omnes</strong></span> <span class='ocrx_word' id='word_1_108' title='bbox 1056 1433 1116 1496; x_wconf 93' lang='lat' dir='ltr'><strong>im-</strong></span> 
     </span>
     <span class='ocr_line' id='line_1_15' title="bbox 99 1520 1115 1606; baseline -0.002 -21"><span class='ocrx_word' id='word_1_109' title='bbox 99 1524 225 1604; x_wconf 90' lang='lat' dir='ltr'><strong>perant,</strong></span> <span class='ocrx_word' id='word_1_110' title='bbox 249 1521 392 1605; x_wconf 84' lang='lat' dir='ltr'><strong>exigunt,</strong></span> <span class='ocrx_word' id='word_1_111' title='bbox 415 1525 543 1606; x_wconf 89' lang='lat' dir='ltr'><strong>urgent,</strong></span> <span class='ocrx_word' id='word_1_112' title='bbox 566 1523 708 1605; x_wconf 90' lang='lat' dir='ltr'><strong>spatium</strong></span> <span class='ocrx_word' id='word_1_113' title='bbox 729 1521 914 1605; x_wconf 87' lang='lat' dir='ltr'><strong>quiescendi</strong></span> <span class='ocrx_word' id='word_1_114' title='bbox 934 1521 1044 1585; x_wconf 89' lang='lat' dir='ltr'><strong>nullus</strong></span> <span class='ocrx_word' id='word_1_115' title='bbox 1067 1520 1115 1583; x_wconf 91' lang='lat' dir='ltr'><strong>in·</strong></span> 
     </span>
     <span class='ocr_line' id='line_1_16' title="bbox 99 1607 1156 1693; baseline 0 -21"><span class='ocrx_word' id='word_1_116' title='bbox 99 1609 222 1693; x_wconf 90' lang='lat' dir='ltr'><strong>dulget,</strong></span> <span class='ocrx_word' id='word_1_117' title='bbox 241 1612 274 1673; x_wconf 89' lang='lat' dir='ltr'><strong>et</strong></span> <span class='ocrx_word' id='word_1_118' title='bbox 291 1610 354 1675; x_wconf 93' lang='lat' dir='ltr'><strong>hoc</strong></span> <span class='ocrx_word' id='word_1_119' title='bbox 368 1609 465 1674; x_wconf 93' lang='lat' dir='ltr'><strong>modo</strong></span> <span class='ocrx_word' id='word_1_120' title='bbox 486 1610 634 1675; x_wconf 86' lang='lat' dir='ltr'><strong>sensibus</strong></span> <span class='ocrx_word' id='word_1_121' title='bbox 650 1611 767 1676; x_wconf 88' lang='lat' dir='ltr'><strong>vestris</strong></span> <span class='ocrx_word' id='word_1_122' title='bbox 783 1609 910 1675; x_wconf 86' lang='lat' dir='ltr'><strong>latendi</strong></span> <span class='ocrx_word' id='word_1_123' title='bbox 929 1607 1156 1673; x_wconf 75' lang='lat' dir='ltr'><strong>seductionem</strong></span> 
     </span>
     <span class='ocr_line' id='line_1_17' title="bbox 100 1697 1117 1782; baseline -0.001 -20"><span class='ocrx_word' id='word_1_124' title='bbox 100 1699 216 1781; x_wconf 88' lang='lat' dir='ltr'><strong>sopitis</strong></span> <span class='ocrx_word' id='word_1_125' title='bbox 236 1697 390 1762; x_wconf 90' lang='lat' dir='ltr'><strong>miserum</strong></span> <span class='ocrx_word' id='word_1_126' title='bbox 410 1720 525 1782; x_wconf 88' lang='lat' dir='ltr'><strong>corpus</strong></span> <span class='ocrx_word' id='word_1_127' title='bbox 545 1699 738 1764; x_wconf 92' lang='lat' dir='ltr'><strong>obstrictum</strong></span> <span class='ocrx_word' id='word_1_128' title='bbox 761 1699 796 1763; x_wconf 91' lang='lat' dir='ltr'><strong>in</strong></span> <span class='ocrx_word' id='word_1_129' title='bbox 820 1698 927 1763; x_wconf 86' lang='lat' dir='ltr'><strong>officia</strong></span> <span class='ocrx_word' id='word_1_130' title='bbox 945 1718 1117 1762; x_wconf 90' lang='lat' dir='ltr'><strong>numerosa</strong></span> 
     </span>
     <span class='ocr_line' id='line_1_18' title="bbox 100 1785 1115 1870; baseline -0.002 -19"><span class='ocrx_word' id='word_1_131' title='bbox 100 1787 283 1851; x_wconf 78' lang='lat' dir='ltr'><strong>marcescit.</strong></span> <span class='ocrx_word' id='word_1_132' title='bbox 330 1785 436 1870; x_wconf 85' lang='lat' dir='ltr'><strong>Atque</strong></span> <span class='ocrx_word' id='word_1_133' title='bbox 464 1787 511 1851; x_wconf 92' lang='lat' dir='ltr'><strong>ita</strong></span> <span class='ocrx_word' id='word_1_134' title='bbox 538 1787 589 1870; x_wconf 83' lang='lat' dir='ltr'><strong>fis,</strong></span> <span class='ocrx_word' id='word_1_135' title='bbox 616 1791 654 1852; x_wconf 89' lang='lat' dir='ltr'><strong>ut</strong></span> <span class='ocrx_word' id='word_1_136' title='bbox 676 1788 837 1851; x_wconf 90' lang='lat' dir='ltr'><strong>malorum</strong></span> <span class='ocrx_word' id='word_1_137' title='bbox 860 1790 1043 1851; x_wconf 88' lang='lat' dir='ltr'><strong>vestrorum</strong></span> <span class='ocrx_word' id='word_1_138' title='bbox 1067 1806 1115 1850; x_wconf 90' lang='lat' dir='ltr'><strong>se-</strong></span> 
     </span>
     <span class='ocr_line' id='line_1_19' title="bbox 100 1874 1115 1958; baseline 0 -20"><span class='ocrx_word' id='word_1_139' title='bbox 100 1877 198 1957; x_wconf 91' lang='lat' dir='ltr'><strong>mina,</strong></span> <span class='ocrx_word' id='word_1_140' title='bbox 222 1875 298 1939; x_wconf 91' lang='lat' dir='ltr'><strong>dum</strong></span> <span class='ocrx_word' id='word_1_141' title='bbox 321 1898 380 1958; x_wconf 91' lang='lat' dir='ltr'><strong>per</strong></span> <span class='ocrx_word' id='word_1_142' title='bbox 404 1876 584 1940; x_wconf 89' lang='lat' dir='ltr'><strong>socordiam</strong></span> <span class='ocrx_word' id='word_1_143' title='bbox 606 1898 673 1941; x_wconf 91' lang='lat' dir='ltr'><strong>non</strong></span> <span class='ocrx_word' id='word_1_144' title='bbox 695 1876 812 1940; x_wconf 86' lang='lat' dir='ltr'><strong>valetis</strong></span> <span class='ocrx_word' id='word_1_145' title='bbox 837 1875 977 1956; x_wconf 89' lang='lat' dir='ltr'><strong>abicere,</strong></span> <span class='ocrx_word' id='word_1_146' title='bbox 1001 1874 1115 1938; x_wconf 89' lang='lat' dir='ltr'><strong>colatis</strong></span> 
     </span>
    </p>
   </div>
   <div class='ocr_carea' id='block_1_3' title="bbox 101 1961 1116 2049">
    <p class='ocr_par' dir='ltr' id='par_1_3' title="bbox 101 1961 1116 2049">
     <span class='ocr_line' id='line_1_20' title="bbox 101 1961 1116 2049; baseline -0.003 -21"><span class='ocrx_word' id='word_1_147' title='bbox 101 1967 139 2028; x_wconf 89' lang='lat' dir='ltr'><strong>ut</strong></span> <span class='ocrx_word' id='word_1_148' title='bbox 171 1964 313 2028; x_wconf 89' lang='lat' dir='ltr'><strong>numina.</strong></span> <span class='ocrx_word' id='word_1_149' title='bbox 364 1963 410 2027; x_wconf 81' lang='lat' dir='ltr'><strong>Et</strong></span> <span class='ocrx_word' id='word_1_150' title='bbox 443 1986 522 2028; x_wconf 87' lang='lat' dir='ltr'><strong>sano</strong></span> <span class='ocrx_word' id='word_1_151' title='bbox 555 1965 655 2030; x_wconf 88' lang='lat' dir='ltr'><strong>miror</strong></span> <span class='ocrx_word' id='word_1_152' title='bbox 687 1986 762 2049; x_wconf 87' lang='lat' dir='ltr'><strong>vos,</strong></span> <span class='ocrx_word' id='word_1_153' title='bbox 794 1986 867 2028; x_wconf 88' lang='lat' dir='ltr'><strong>cum</strong></span> <span class='ocrx_word' id='word_1_154' title='bbox 901 1961 973 2028; x_wconf 90' lang='lat' dir='ltr'><strong>sitis</strong></span> <span class='ocrx_word' id='word_1_155' title='bbox 1006 1962 1116 2046; x_wconf 90' lang='lat' dir='ltr'><strong>cupidi</strong></span> 
     </span>
    </p>
   </div>
   <div class='ocr_carea' id='block_1_4' title="bbox 99 2051 1157 3024">
    <p class='ocr_par' dir='ltr' id='par_1_4' title="bbox 99 2051 1157 3024">
     <span class='ocr_line' id='line_1_21' title="bbox 100 2051 1157 2137; baseline -0.002 -21"><span class='ocrx_word' id='word_1_156' title='bbox 100 2074 200 2137; x_wconf 93' lang='lat' dir='ltr'><strong>opum</strong></span> <span class='ocrx_word' id='word_1_157' title='bbox 223 2055 256 2116; x_wconf 91' lang='lat' dir='ltr'><strong>et</strong></span> <span class='ocrx_word' id='word_1_158' title='bbox 280 2051 439 2117; x_wconf 85' lang='lat' dir='ltr'><strong>avaritiae</strong></span> <span class='ocrx_word' id='word_1_159' title='bbox 463 2051 615 2137; x_wconf 87' lang='lat' dir='ltr'><strong>studiosi,</strong></span> <span class='ocrx_word' id='word_1_160' title='bbox 643 2053 766 2118; x_wconf 89' lang='lat' dir='ltr'><strong>frustra</strong></span> <span class='ocrx_word' id='word_1_161' title='bbox 793 2056 843 2117; x_wconf 87' lang='lat' dir='ltr'><strong>tot</strong></span> <span class='ocrx_word' id='word_1_162' title='bbox 866 2051 928 2116; x_wconf 89' lang='lat' dir='ltr'><strong>diis</strong></span> <span class='ocrx_word' id='word_1_163' title='bbox 952 2072 1022 2115; x_wconf 88' lang='lat' dir='ltr'><strong>csse</strong></span> <span class='ocrx_word' id='word_1_164' title='bbox 1046 2072 1115 2114; x_wconf 87' lang='lat' dir='ltr'><strong>mu·</strong></span> <span class='ocrx_word' id='word_1_165' title='bbox 1130 2075 1157 2115; x_wconf 77' lang='lat' dir='ltr'><strong>eo</strong></span> 
     </span>
     <span class='ocr_line' id='line_1_22' title="bbox 99 2139 1116 2225; baseline 0 -21"><span class='ocrx_word' id='word_1_166' title='bbox 99 2141 229 2224; x_wconf 88' lang='lat' dir='ltr'><strong>nificos,</strong></span> <span class='ocrx_word' id='word_1_167' title='bbox 258 2142 450 2224; x_wconf 87' lang='lat' dir='ltr'><strong>praesertim</strong></span> <span class='ocrx_word' id='word_1_168' title='bbox 474 2141 585 2207; x_wconf 90' lang='lat' dir='ltr'><strong>omnia</strong></span> <span class='ocrx_word' id='word_1_169' title='bbox 611 2141 809 2207; x_wconf 85' lang='lat' dir='ltr'><strong>exsecranda</strong></span> <span class='ocrx_word' id='word_1_170' title='bbox 836 2140 1036 2225; x_wconf 83' lang='lat' dir='ltr'><strong>iubentibus3</strong></span> <span class='ocrx_word' id='word_1_171' title='bbox 1060 2139 1116 2224; x_wconf 93' lang='lat' dir='ltr'><strong>qui</strong></span> 
     </span>
     <span class='ocr_line' id='line_1_23' title="bbox 101 2229 1116 2315; baseline 0 -23"><span class='ocrx_word' id='word_1_172' title='bbox 101 2231 129 2293; x_wconf 91' lang='lat' dir='ltr'><strong>si</strong></span> <span class='ocrx_word' id='word_1_173' title='bbox 156 2251 215 2293; x_wconf 85' lang='lat' dir='ltr'><strong>vos</strong></span> <span class='ocrx_word' id='word_1_174' title='bbox 244 2229 463 2294; x_wconf 86' lang='lat' dir='ltr'><strong>sacrificantes</strong></span> <span class='ocrx_word' id='word_1_175' title='bbox 491 2229 710 2315; x_wconf 77' lang='lat' dir='ltr'><strong>exaudierint,</strong></span> <span class='ocrx_word' id='word_1_176' title='bbox 742 2229 958 2296; x_wconf 88' lang='lat' dir='ltr'><strong>conscientiae</strong></span> <span class='ocrx_word' id='word_1_177' title='bbox 987 2232 1116 2295; x_wconf 88' lang='lat' dir='ltr'><strong>vestrae</strong></span> 
     </span>
     <span class='ocr_line' id='line_1_24' title="bbox 101 2317 1116 2403; baseline 0.002 -22"><span class='ocrx_word' id='word_1_178' title='bbox 101 2318 219 2381; x_wconf 89' lang='lat' dir='ltr'><strong>damna</strong></span> <span class='ocrx_word' id='word_1_179' title='bbox 252 2318 460 2403; x_wconf 87' lang='lat' dir='ltr'><strong>contrahitis,</strong></span> <span class='ocrx_word' id='word_1_180' title='bbox 497 2319 528 2383; x_wconf 93' lang='lat' dir='ltr'><strong>si</strong></span> <span class='ocrx_word' id='word_1_181' title='bbox 561 2341 627 2384; x_wconf 90' lang='lat' dir='ltr'><strong>non</strong></span> <span class='ocrx_word' id='word_1_182' title='bbox 660 2319 876 2403; x_wconf 81' lang='lat' dir='ltr'><strong>exaudierint,</strong></span> <span class='ocrx_word' id='word_1_183' title='bbox 913 2317 1116 2383; x_wconf 78' lang='lat' dir='ltr'><strong>facultatum.</strong></span> 
     </span>
     <span class='ocr_line' id='line_1_25' title="bbox 99 2406 1116 2492; baseline 0.003 -22"><span class='ocrx_word' id='word_1_184' title='bbox 99 2406 190 2491; x_wconf 79' lang='lat' dir='ltr'><strong>Ergo</strong></span> <span class='ocrx_word' id='word_1_185' title='bbox 215 2407 282 2471; x_wconf 89' lang='lat' dir='ltr'><strong>sive</strong></span> <span class='ocrx_word' id='word_1_186' title='bbox 304 2407 391 2489; x_wconf 90' lang='lat' dir='ltr'><strong>irati,</strong></span> <span class='ocrx_word' id='word_1_187' title='bbox 415 2407 482 2471; x_wconf 83' lang='lat' dir='ltr'><strong>sive</strong></span> <span class='ocrx_word' id='word_1_188' title='bbox 501 2407 671 2492; x_wconf 88' lang='lat' dir='ltr'><strong>propitiati</strong></span> <span class='ocrx_word' id='word_1_189' title='bbox 690 2408 820 2492; x_wconf 87' lang='lat' dir='ltr'><strong>fuerint,</strong></span> <span class='ocrx_word' id='word_1_190' title='bbox 844 2429 972 2490; x_wconf 88' lang='lat' dir='ltr'><strong>semper</strong></span> <span class='ocrx_word' id='word_1_191' title='bbox 991 2410 1116 2473; x_wconf 88' lang='lat' dir='ltr'><strong>nocent.</strong></span> 
     </span>
     <span class='ocr_line' id='line_1_26' title="bbox 101 2493 1156 2582; baseline 0.001 -24"><span class='ocrx_word' id='word_1_192' title='bbox 101 2493 172 2559; x_wconf 89' lang='lat' dir='ltr'><strong>Hae</strong></span> <span class='ocrx_word' id='word_1_193' title='bbox 193 2498 268 2558; x_wconf 89' lang='lat' dir='ltr'><strong>sunt</strong></span> <span class='ocrx_word' id='word_1_194' title='bbox 286 2495 363 2559; x_wconf 86' lang='lat' dir='ltr'><strong>illac</strong></span> <span class='ocrx_word' id='word_1_195' title='bbox 377 2495 504 2578; x_wconf 80' lang='lat' dir='ltr'><strong>Furiae,</strong></span> <span class='ocrx_word' id='word_1_196' title='bbox 523 2497 681 2561; x_wconf 89' lang='lat' dir='ltr'><strong>scelerum</strong></span> <span class='ocrx_word' id='word_1_197' title='bbox 698 2497 851 2582; x_wconf 87' lang='lat' dir='ltr'><strong>vindices,</strong></span> <span class='ocrx_word' id='word_1_198' title='bbox 870 2497 950 2561; x_wconf 88' lang='lat' dir='ltr'><strong>haec</strong></span> <span class='ocrx_word' id='word_1_199' title='bbox 968 2496 1027 2560; x_wconf 90' lang='lat' dir='ltr'><strong>illa</strong></span> <span class='ocrx_word' id='word_1_200' title='bbox 1045 2516 1115 2560; x_wconf 90' lang='lat' dir='ltr'><strong>cru·</strong></span> <span class='ocrx_word' id='word_1_201' title='bbox 1130 2519 1156 2560; x_wconf 79' lang='grc'><strong>11</strong></span> 
     </span>
     <span class='ocr_line' id='line_1_27' title="bbox 101 2583 1116 2670; baseline 0.001 -22"><span class='ocrx_word' id='word_1_202' title='bbox 101 2584 262 2648; x_wconf 90' lang='lat' dir='ltr'><strong>ciamenta</strong></span> <span class='ocrx_word' id='word_1_203' title='bbox 276 2583 435 2649; x_wconf 83' lang='lat' dir='ltr'><strong>Tartarea</strong></span> <span class='ocrx_word' id='word_1_204' title='bbox 453 2589 625 2670; x_wconf 90' lang='lat' dir='ltr'><strong>poetarum</strong></span> <span class='ocrx_word' id='word_1_205' title='bbox 644 2591 827 2651; x_wconf 88' lang='lat' dir='ltr'><strong>vestrorum</strong></span> <span class='ocrx_word' id='word_1_206' title='bbox 847 2585 1043 2650; x_wconf 82' lang='lat' dir='ltr'><strong>carminibus</strong></span> <span class='ocrx_word' id='word_1_207' title='bbox 1063 2584 1116 2649; x_wconf 89' lang='lat' dir='ltr'><strong>de·</strong></span> 
     </span>
     <span class='ocr_line' id='line_1_28' title="bbox 102 2673 1116 2760; baseline 0.002 -25"><span class='ocrx_word' id='word_1_208' title='bbox 102 2675 243 2755; x_wconf 87' lang='lat' dir='ltr'><strong>cantata,</strong></span> <span class='ocrx_word' id='word_1_209' title='bbox 267 2694 348 2756; x_wconf 89' lang='lat' dir='ltr'><strong>quae</strong></span> <span class='ocrx_word' id='word_1_210' title='bbox 372 2694 429 2737; x_wconf 87' lang='lat' dir='ltr'><strong>vos</strong></span> <span class='ocrx_word' id='word_1_211' title='bbox 453 2674 542 2737; x_wconf 86' lang='lat' dir='ltr'><strong>velut</strong></span> <span class='ocrx_word' id='word_1_212' title='bbox 565 2674 631 2738; x_wconf 90' lang='lat' dir='ltr'><strong>iam</strong></span> <span class='ocrx_word' id='word_1_213' title='bbox 654 2679 801 2741; x_wconf 88' lang='lat' dir='ltr'><strong>mortuos</strong></span> <span class='ocrx_word' id='word_1_214' title='bbox 824 2678 959 2760; x_wconf 88' lang='lat' dir='ltr'><strong>propter</strong></span> <span class='ocrx_word' id='word_1_215' title='bbox 980 2673 1116 2758; x_wconf 90' lang='lat' dir='ltr'><strong>impiam</strong></span> 
     </span>
     <span class='ocr_line' id='line_1_29' title="bbox 100 2761 1114 2849; baseline 0.001 -25"><span class='ocrx_word' id='word_1_216' title='bbox 100 2761 336 2846; x_wconf 88' lang='lat' dir='ltr'><strong>profanamque</strong></span> <span class='ocrx_word' id='word_1_217' title='bbox 360 2763 627 2845; x_wconf 88' lang='lat' dir='ltr'><strong>superstitionem</strong></span> <span class='ocrx_word' id='word_1_218' title='bbox 651 2767 748 2849; x_wconf 90' lang='lat' dir='ltr'><strong>atque</strong></span> <span class='ocrx_word' id='word_1_219' title='bbox 772 2767 995 2848; x_wconf 88' lang='lat' dir='ltr'><strong>contemptum</strong></span> <span class='ocrx_word' id='word_1_220' title='bbox 1018 2783 1114 2826; x_wconf 83' lang='lat' dir='ltr'><strong>verae</strong></span> 
     </span>
     <span class='ocr_line' id='line_1_30' title="bbox 101 2849 1116 2934; baseline 0.002 -22"><span class='ocrx_word' id='word_1_221' title='bbox 101 2849 267 2934; x_wconf 82' lang='lat' dir='ltr'><strong>religionis</strong></span> <span class='ocrx_word' id='word_1_222' title='bbox 292 2851 486 2915; x_wconf 87' lang='lat' dir='ltr'><strong>excruciant.</strong></span> <span class='ocrx_word' id='word_1_223' title='bbox 532 2851 665 2916; x_wconf 87' lang='lat' dir='ltr'><strong>Etenim</strong></span> <span class='ocrx_word' id='word_1_224' title='bbox 689 2854 717 2916; x_wconf 89' lang='lat' dir='ltr'><strong>si</strong></span> <span class='ocrx_word' id='word_1_225' title='bbox 741 2853 889 2917; x_wconf 88' lang='lat' dir='ltr'><strong>miserias</strong></span> <span class='ocrx_word' id='word_1_226' title='bbox 912 2855 1038 2916; x_wconf 82' lang='lat' dir='ltr'><strong>vestras</strong></span> <span class='ocrx_word' id='word_1_227' title='bbox 1061 2871 1116 2915; x_wconf 86' lang='lat' dir='ltr'><strong>vo-</strong></span> 
     </span>
     <span class='ocr_line' id='line_1_31' title="bbox 101 2938 1157 3024; baseline -0.002 -23"><span class='ocrx_word' id='word_1_228' title='bbox 101 2938 228 3002; x_wconf 88' lang='lat' dir='ltr'><strong>lueritis</strong></span> <span class='ocrx_word' id='word_1_229' title='bbox 261 2939 418 3003; x_wconf 88' lang='lat' dir='ltr'><strong>intentius</strong></span> <span class='ocrx_word' id='word_1_230' title='bbox 452 2939 588 3024; x_wconf 89' lang='lat' dir='ltr'><strong>intueri,</strong></span> <span class='ocrx_word' id='word_1_231' title='bbox 620 2940 703 3004; x_wconf 91' lang='lat' dir='ltr'><strong>nihil</strong></span> <span class='ocrx_word' id='word_1_232' title='bbox 735 2941 876 3005; x_wconf 87' lang='lat' dir='ltr'><strong>inaniter</strong></span> <span class='ocrx_word' id='word_1_233' title='bbox 908 2940 1046 3003; x_wconf 90' lang='lat' dir='ltr'><strong>relatum</strong></span> <span class='ocrx_word' id='word_1_234' title='bbox 1076 2938 1116 3002; x_wconf 91' lang='lat' dir='ltr'><strong>de</strong></span> <span class='ocrx_word' id='word_1_235' title='bbox 1129 2959 1157 2999; x_wconf 86' lang='grc' dir='ltr'><strong>1ο</strong></span> 
     </span>
    </p>
   </div>
   <div class='ocr_carea' id='block_1_5' title="bbox 100 3143 1117 3627">
    <p class='ocr_par' dir='ltr' id='par_1_5' title="bbox 100 3143 1117 3627">
     <span class='ocr_line' id='line_1_32' title="bbox 192 3143 1116 3217; baseline 0 -17"><span class='ocrx_word' id='word_1_236' title='bbox 192 3153 205 3200; x_wconf 89' lang='lat'>1</span> <span class='ocrx_word' id='word_1_237' title='bbox 223 3145 342 3215; x_wconf 83' lang='lat' dir='ltr'><strong>exigerit</strong></span> <span class='ocrx_word' id='word_1_238' title='bbox 351 3147 428 3203; x_wconf 86' lang='lat' dir='ltr'><strong><em>P.R.</em></strong></span> <span class='ocrx_word' id='word_1_239' title='bbox 449 3149 604 3217; x_wconf 83' lang='lat' dir='ltr'><strong>exigentL.</strong></span> <span class='ocrx_word' id='word_1_240' title='bbox 625 3145 752 3215; x_wconf 85' lang='lat' dir='ltr'><strong>exigitV.</strong></span> <span class='ocrx_word' id='word_1_241' title='bbox 772 3145 910 3216; x_wconf 78' lang='lat' dir='ltr'><strong>cxigatB.</strong></span> <span class='ocrx_word' id='word_1_242' title='bbox 943 3143 1116 3200; x_wconf 67' lang='lat' dir='ltr'><strong>offensus.</strong></span> 
     </span>
     <span class='ocr_line' id='line_1_33' title="bbox 103 3216 1115 3287; baseline 0.002 -18"><span class='ocrx_word' id='word_1_243' title='bbox 103 3216 199 3272; x_wconf 86' lang='lat' dir='ltr'><strong>offerre</strong></span> <span class='ocrx_word' id='word_1_244' title='bbox 218 3223 266 3273; x_wconf 83' lang='lat' dir='ltr'><strong>cet.</strong></span> <span class='ocrx_word' id='word_1_245' title='bbox 308 3217 496 3286; x_wconf 81' lang='lat' dir='ltr'><strong>eopitulares</strong></span> <span class='ocrx_word' id='word_1_246' title='bbox 515 3219 550 3273; x_wconf 87' lang='lat' dir='ltr'><strong>L.</strong></span> <span class='ocrx_word' id='word_1_247' title='bbox 593 3219 791 3287; x_wconf 83' lang='lat' dir='ltr'><strong>8discrepant</strong></span> <span class='ocrx_word' id='word_1_248' title='bbox 808 3217 883 3272; x_wconf 88' lang='lat' dir='ltr'><em>L.P.</em></span> <span class='ocrx_word' id='word_1_249' title='bbox 923 3216 1115 3271; x_wconf 75' lang='grc'><strong>12111113.</strong></span> 
     </span>
     <span class='ocr_line' id='line_1_34' title="bbox 103 3287 1117 3360; baseline 0 -19"><span class='ocrx_word' id='word_1_250' title='bbox 103 3294 135 3342; x_wconf 81' lang='lat'><strong>15</strong></span> <span class='ocrx_word' id='word_1_251' title='bbox 154 3288 258 3344; x_wconf 86' lang='lat' dir='ltr'><strong>latenti</strong></span> <span class='ocrx_word' id='word_1_252' title='bbox 272 3288 308 3344; x_wconf 85' lang='lat' dir='ltr'><strong>R.</strong></span> <span class='ocrx_word' id='word_1_253' title='bbox 358 3296 391 3343; x_wconf 84' lang='grc'><strong>16</strong></span> <span class='ocrx_word' id='word_1_254' title='bbox 411 3289 664 3360; x_wconf 74' lang='lat' dir='ltr'><strong>corpusom.h.1’.</strong></span> <span class='ocrx_word' id='word_1_255' title='bbox 695 3288 861 3344; x_wconf 89' lang='lat' dir='ltr'><strong>obstrictum</strong></span> <span class='ocrx_word' id='word_1_256' title='bbox 874 3287 910 3341; x_wconf 90' lang='grc' dir='ltr'><strong>Β.</strong></span> <span class='ocrx_word' id='word_1_257' title='bbox 940 3287 1117 3342; x_wconf 90' lang='lat' dir='ltr'><strong>obstructum</strong></span> 
     </span>
     <span class='ocr_line' id='line_1_35' title="bbox 101 3358 1116 3427; baseline 0 -14"><span class='ocrx_word' id='word_1_258' title='bbox 101 3359 213 3414; x_wconf 84' lang='lat' dir='ltr'><strong><em>L.V.R.</em></strong></span> <span class='ocrx_word' id='word_1_259' title='bbox 243 3360 345 3414; x_wconf 86' lang='lat' dir='ltr'><strong>misera</strong></span> <span class='ocrx_word' id='word_1_260' title='bbox 364 3360 518 3415; x_wconf 90' lang='lat' dir='ltr'><strong>obstructio</strong></span> <span class='ocrx_word' id='word_1_261' title='bbox 540 3363 573 3414; x_wconf 92' lang='lat' dir='ltr'><strong>P.</strong></span> <span class='ocrx_word' id='word_1_262' title='bbox 630 3366 746 3415; x_wconf 80' lang='grc'><strong>191111</strong></span> <span class='ocrx_word' id='word_1_263' title='bbox 766 3360 797 3413; x_wconf 88' lang='lat' dir='ltr'><strong>V.</strong></span> <span class='ocrx_word' id='word_1_264' title='bbox 831 3359 897 3427; x_wconf 88' lang='lat' dir='ltr'><strong>quia</strong></span> <span class='ocrx_word' id='word_1_265' title='bbox 915 3374 979 3412; x_wconf 92' lang='lat' dir='ltr'><strong>cum</strong></span> <span class='ocrx_word' id='word_1_266' title='bbox 996 3358 1116 3413; x_wconf 57' lang='lat' dir='ltr'><strong>121³.st</strong></span> 
     </span>
     <span class='ocr_line' id='line_1_36' title="bbox 102 3429 1116 3500; baseline 0.002 -17"><span class='ocrx_word' id='word_1_267' title='bbox 102 3431 232 3497; x_wconf 89' lang='lat' dir='ltr'><strong>quicum</strong></span> <span class='ocrx_word' id='word_1_268' title='bbox 252 3431 287 3485; x_wconf 90' lang='lat' dir='ltr'><strong>B.</strong></span> <span class='ocrx_word' id='word_1_269' title='bbox 359 3431 533 3500; x_wconf 74' lang='grc'><strong>21111111.</strong></span> <span class='ocrx_word' id='word_1_270' title='bbox 602 3438 635 3486; x_wconf 79' lang='grc'><strong>23</strong></span> <span class='ocrx_word' id='word_1_271' title='bbox 655 3429 768 3486; x_wconf 88' lang='lat' dir='ltr'><strong>trahitis</strong></span> <span class='ocrx_word' id='word_1_272' title='bbox 788 3431 823 3485; x_wconf 90' lang='lat' dir='ltr'><strong>B.</strong></span> <span class='ocrx_word' id='word_1_273' title='bbox 893 3435 928 3483; x_wconf 81' lang='grc'><strong>24</strong></span> <span class='ocrx_word' id='word_1_274' title='bbox 945 3429 1062 3500; x_wconf 89' lang='lat' dir='ltr'><strong>propitii</strong></span> <span class='ocrx_word' id='word_1_275' title='bbox 1079 3429 1116 3484; x_wconf 85' lang='lat' dir='ltr'><strong>R.</strong></span> 
     </span>
     <span class='ocr_line' id='line_1_37' title="bbox 101 3499 1116 3625; baseline 0.002 -73"><span class='ocrx_word' id='word_1_276' title='bbox 101 3505 135 3552; x_wconf 77' lang='grc'><strong>21</strong></span> <span class='ocrx_word' id='word_1_277' title='bbox 163 3502 200 3624; x_wconf 90' lang='lat' dir='ltr'><strong>hil</strong></span> <span class='ocrx_word' id='word_1_278' title='bbox 221 3499 266 3554; x_wconf 92' lang='lat' dir='ltr'><strong>illi</strong></span> <span class='ocrx_word' id='word_1_279' title='bbox 293 3503 434 3625; x_wconf 49' lang='lat' dir='ltr'><strong>{saciatus</strong></span> <span class='ocrx_word' id='word_1_280' title='bbox 462 3501 579 3557; x_wconf 87' lang='lat' dir='ltr'><strong>tartarei</strong></span> <span class='ocrx_word' id='word_1_281' title='bbox 605 3503 641 3556; x_wconf 92' lang='lat' dir='ltr'><strong>B.</strong></span> <span class='ocrx_word' id='word_1_282' title='bbox 755 3507 789 3557; x_wconf 81' lang='grc'><strong>26</strong></span> <span class='ocrx_word' id='word_1_283' title='bbox 817 3502 976 3571; x_wconf 86' lang='lat' dir='ltr'><strong>decantati,</strong></span> <span class='ocrx_word' id='word_1_284' title='bbox 1004 3500 1053 3572; x_wconf 88' lang='lat' dir='ltr'><strong>qui</strong></span> <span class='ocrx_word' id='word_1_285' title='bbox 1079 3501 1116 3556; x_wconf 85' lang='lat' dir='ltr'><strong>B.</strong></span> 
     </span>
     <span class='ocr_line' id='line_1_38' title="bbox 100 3572 327 3627; baseline 0.004 -2"><span class='ocrx_word' id='word_1_286' title='bbox 100 3572 275 3627; x_wconf 71' lang='grc'><strong>29111111</strong></span> <span class='ocrx_word' id='word_1_287' title='bbox 321 3611 327 3626; x_wconf 94' lang='lat'>.</span> 
     </span>
    </p>
   </div>
   <div class='ocr_carea' id='block_1_6' title="bbox 0 0 1186 3938">
    <p class='ocr_par' dir='ltr' id='par_1_6' title="bbox 0 0 1186 3938">
     <span class='ocr_line' id='line_1_39' title="bbox 0 0 1186 3938; baseline 0 0"><span class='ocrx_word' id='word_1_288' title='bbox 0 0 1186 3938; x_wconf 95' lang='lat' dir='ltr'><strong> </strong></span> 
     </span>
    </p>
   </div>
  </div>
 </body>
</html>
