2362 3938
76 191 114 244 Vl
472 183 686 240 PRAEFATIO.

76 351 170 420 tuere,
194 338 320 398 alterum
339 344 457 415 poetam
481 346 517 394 ex
540 334 632 394 altero
646 333 790 412 hausisse,
814 336 883 411 quis
897 353 963 394 non
987 333 1093 398 sentitl

77 431 162 508 quasi
185 445 258 487 nero
283 426 409 486 formula
435 424 484 484 illa
513 418 595 482 ‘uera
618 416 762 500 propago’
796 440 856 481 non
884 427 1115 504 unusquisque>

76 525 164 597 poeta
201 515 352 575 Romanus
393 531 446 573 sna
483 517 587 591 sponte
624 513 669 570 uti
705 508 865 588 potuisset!
906 511 963 571 sed
1008 516 1091 575 misso

77 604 255 667 Sebenkclio
280 612 342 663 arte
356 605 456 681 potius
480 608 510 660 et
530 601 644 659 ratione
668 597 740 675 quid
764 598 800 657 de
823 597 879 658 bae
903 618 939 659 re
963 601 1091 662 iudican-

78 695 150 756 dum
173 697 212 754 sit
235 693 397 753 uideamus.
442 689 519 749 bene
543 696 642 748 autem
666 686 910 765 distinguendum
940 696 988 750 est
1019 693 1091 751 inter

77 783 241 844 uerborum
279 779 487 840 similitudines
523 775 666 856 quasdam
702 793 777 853 quae
814 778 894 835 inter
932 777 1011 837 duos
1048 778 1090 840 uel

77 872 247 950 complures
270 876 373 947 poetas
397 865 601 946 intercedunt,
629 864 659 924 id
684 871 742 944 est,
769 866 849 924 inter
877 883 927 925 eas
958 867 1089 927 similitu·

78 961 162 1020 dines
186 976 261 1036 quae
286 974 339 1016 sua
370 963 475 1034 sponte
500 973 536 1013 en
558 953 722 1013 uerborum
749 952 886 1012 formulis
909 958 1091 1032 proueniunt

78 1056 109 1108 et
132 1065 181 1106 eas
209 1047 389 1105 imitationes
413 1061 466 1102 seu
493 1044 593 1120 potius
621 1041 832 1102 aemulationes
861 1059 935 1119 quas
960 1043 1091 1104 imitandi

77 1134 154 1194 bene
187 1134 299 1191 conscii
331 1130 515 1189 admiserunt
547 1137 660 1207 poetae.
707 1130 847 1189 fortuitae
880 1139 983 1191 autem
1015 1132 1090 1192 illius

77 1219 292 1298 similitudinis,
324 1236 399 1295 quae
432 1220 463 1277 in
497 1217 652 1277 uocabulis
679 1217 882 1297 compluribus
916 1238 932 1278 a
965 1219 1091 1281 diuersis

76 1310 173 1388 poetis
200 1309 316 1366 iteratis
345 1309 493 1384 cernitur,
520 1314 583 1366 tres
611 1308 800 1385 potissimum
827 1309 949 1367 inuenio
977 1327 1091 1369 causas:

77 1398 265 1476 memoriam,
297 1395 558 1474 consuetudinem,
595 1395 712 1473 linguae
740 1395 889 1454 Romanae
927 1400 1089 1474 penuriam.

79 1503 148 1547 cum
184 1487 264 1545 eninr
301 1502 404 1543 ornnes
436 1484 562 1543 Romani
598 1483 760 1543 liberaliter
795 1485 927 1543 instituti
964 1488 1090 1564 primum

79 1575 219 1655 Ennium,
242 1592 310 1632 mon
334 1572 490 1653 Lucilium,
514 1572 620 1633 deinde
644 1570 806 1650 Vergilium
830 1579 859 1631 et
882 1571 1041 1634 Horatium
1063 1576 1090 1634 in

79 1664 188 1723 scholis
216 1662 440 1741 diligentissime
469 1662 639 1721 lectitarent
674 1678 802 1738 eumque
837 1668 923 1720 uates
958 1681 1013 1723 eos
1044 1664 1092 1741 qui

79 1751 309 1830 praeclarissimi
337 1760 367 1810 et
395 1757 480 1810 erant
503 1758 534 1809 et
561 1748 747 1809 habebantur
777 1767 940 1826 numquam
973 1753 1006 1811 in
1033 1753 1092 1810 uita

79 1842 247 1918 posteriore
275 1839 361 1918 plane
390 1838 554 1917 abicerent,
582 1837 634 1896 sed
664 1839 707 1896 eis
735 1845 886 1914 tamquam
914 1837 1091 1900 fidelissimis

78 1931 110 1987 in
134 1932 215 1988 omni
237 1946 309 1988 casu
332 1926 491 1987 comitibus
515 1934 545 1985 et
569 1928 599 1984 in
623 1929 691 1985 otiis
715 1933 746 1985 et
768 1927 799 1984 in
813 1928 943 2003 negotiis
967 1927 1091 1988 delecta·

79 2025 200 2096 rentur,
223 2024 457 2076 consentaneum
481 2016 543 2074 lere
558 2023 604 2074 est
626 2014 693 2073 illos
717 2016 846 2073 earmina
870 2032 976 2075 eorum
1000 2017 1091 2095 plera·

80 2123 138 2183 que
162 2107 304 2164 memoria
327 2106 469 2164 tenuisse.
521 2104 607 2162 cuius
631 2105 675 2162 rei
702 2102 869 2181 exemplum
897 2105 1017 2182 insigne
1047 2123 1092 2164 ex·

79 2191 162 2251 hibet
191 2192 303 2252 Seneca
330 2191 537 2271 philosophus,
568 2193 620 2269 qui
646 2190 791 2269 plurimos
818 2189 940 2268 Vergilii
968 2195 1093 2253 maxime

80 2287 111 2339 et
134 2279 234 2339 Ouidii
256 2298 365 2339 uersus
389 2298 458 2339 cum
480 2279 563 2338 libris
587 2281 650 2338 suis
673 2280 836 2339 inseruerit
857 2281 898 2338 ita
921 2286 1023 2340 tamen
1047 2280 1092 2340 ad·

81 2369 140 2427 lert
168 2375 202 2426 ut
229 2366 406 2446 plerumque
434 2367 518 2426 illum
546 2385 605 2426 non
639 2367 802 2449 euoluisse,
835 2366 887 2426 sed
920 2372 1093 2429 memoriter

79 2454 243 2514 reddidisse
268 2473 373 2514 eorum
396 2463 531 2533 poemata
555 2462 694 2533 appareat
718 2453 769 2531 [cl.
794 2455 935 2515 Aemilius
959 2456 1094 2535 Hermes,

81 2549 193 2621 quaest.
232 2545 297 2601 crit.
330 2545 361 2602 in
394 2543 476 2623 Sen,
508 2543 643 2602 llleursae
679 2540 788 2620 1874}
843 2552 955 2622 quanto
996 2553 1094 2606 autem

81 2633 173 2708 magis
202 2632 353 2709 principes
379 2634 411 2691 in
439 2650 493 2691 suo
521 2649 631 2709 genere
657 2640 742 2691 uates
775 2639 922 2692 nocturna
954 2651 1092 2693 uersasse

79 2736 177 2797 manu,
201 2737 339 2778 uersasse
362 2720 468 2780 diurna
482 2718 653 2798 putabimus
677 2739 729 2779 eos
753 2723 805 2798 qui
819 2722 877 2798 ipsi
891 2721 927 2780 ad
942 2720 1094 2782 Musarum

79 2807 191 2867 fontem
220 2816 304 2867 erant
328 2806 490 2868 accessuri!
519 2807 574 2866 hos
597 2809 701 2888 igitur,
731 2827 800 2867 cum
827 2811 958 2868 carmina
985 2828 1093 2888 pange-

79 2902 159 2977 rent,
180 2903 285 2974 sponte
310 2916 363 2956 sua
387 2915 474 2974 saepe
498 2898 528 2955 in
552 2895 671 2955 easdem
695 2896 858 2956 uerborum
882 2897 1025 2958 formulas
1049 2900 1091 2958 in·

79 2982 187 3045 cidisse
231 3004 304 3063 quas
345 2987 376 3044 in
413 2983 631 3062 exemplaribus
674 2987 736 3044 suis
778 2987 888 3045 iterum
923 2987 1093 3064 iterumque

78 3070 221 3154 legerant,
245 3072 389 3151 numquid
413 3075 520 3131 mirum
537 3069 604 3132 est?
627 3073 741 3132 accedit
756 3072 834 3149 quod
858 3076 890 3132 in
909 3076 1094 3153 antiquitate,
1115 3143 1119 3148 ¹

78 3160 177 3236 siquid
202 3161 293 3220 semel
317 3160 394 3220 bene
417 3162 574 3219 inuentum
597 3169 661 3220 erat
686 3163 717 3218 in
740 3159 849 3218 litteris
873 3161 1042 3242 artibusue,
1064 3161 1094 3221 id

78 3247 143 3304 sine
167 3248 278 3307 rubore
302 3267 318 3308 a
340 3247 558 3326 posterioribus
580 3250 611 3306 in
624 3248 789 3325 ,proprium
817 3265 907 3307 usum
930 3250 1095 3311 uocabatur

78 3339 109 3388 et
133 3337 217 3408 qnasi
240 3338 271 3392 in
295 3353 451 3394 commune
477 3334 589 3393 bonum
612 3335 710 3393 cessit.
737 3334 796 3391 iam
820 3337 905 3412 siqua
928 3337 1040 3399 locutio
1063 3341 1095 3398 in

77 3421 161 3493 poesi
172 3423 324 3479 ciuitatem
335 3432 398 3482 erat
412 3422 526 3499 adepta,
535 3428 569 3480 ut
578 3421 757 3499 aliquotiens
768 3428 873 3502 metro,
883 3426 924 3484 ita
934 3434 1094 3489 eonsuetu-

77 3503 145 3563 dine
169 3505 345 3583 plenumque
370 3511 471 3568 euenit
494 3517 527 3567 ut
555 3510 612 3567 nisi
636 3509 726 3567 certis
750 3526 859 3570 uersus
887 3511 1009 3574 sedibus
1033 3533 1096 3576 non
