2362 3938
128 162 192 217 XVI
529 157 737 212 PRAEFATIO

129 308 209 385 383]
233 310 286 369 illc
315 303 402 368 ‘uelit
429 309 480 367 ille
509 301 650 384 quidem’,
679 305 757 384 qued
785 325 822 366 ex
852 308 982 370 Valerio
1012 311 1130 388 excripsit

133 397 249 457 Statius
275 396 382 473 [Theb.
401 396 446 455 VI
469 393 558 470 4771.

223 507 287 564 130
311 505 357 563 hic
378 505 540 577 insperatus
559 501 704 575 Tyrrheni
726 505 836 575 terpora
857 504 965 576 piscis.
1013 506 1059 565 ita
1078 504 1133 564 Gra

130 593 214 652 ncuii
237 612 273 651 ex
296 592 468 651 coniectura
481 608 559 648 nunc
574 589 718 665 scribunt,
741 606 809 648 cum
824 589 853 648 V
871 585 1007 667 ‘spectes
1031 584 1134 654 etenin'

130 683 176 741 ita
203 682 315 740 habeat
342 685 377 739 ut
403 681 527 739 litterae
551 671 624 737 ‘ates
653 671 776 736 etenim'
805 697 899 737 manu
930 682 1066 742 secunda
1090 681 1134 741 rin

131 769 261 828 additae.
307 769 379 843 quid
406 767 475 825 Va
507 767 604 843 prima
630 784 722 825 manu
753 765 909 844 habuerit,
942 769 1055 830 decent
1084 769 1133 829 eins

132 858 309 934 apographa
344 857 388 925 Μ,
412 860 443 914 et
478 855 502 912 P
538 859 605 913 tum
640 854 789 931 confecta,
826 873 895 913 cum
926 857 980 915 ille
1018 857 1134 919 nondun
1170 902 1173 907 .

131 946 311 1005 correctoris
325 948 466 1020 expertus
490 947 556 1001 erat
578 960 709 1000 manuni.
731 943 833 1018 itaque
846 962 918 1002 eum
936 944 970 1002 M
995 936 1133 1023 ‘sperate'‚

134 1034 158 1091 P
182 1026 358 1108 ‘insperato'
387 1025 446 1110 (ita
477 1034 512 1088 ut
545 1023 599 1088 ‘in'
632 1029 768 1089 additum
799 1032 831 1090 et
863 1025 904 1090 ‘0'
934 1051 971 1091 er
1002 1028 1045 1093 ‘a'
1069 1050 1134 1094 am

132 1138 190 1180 sec.
214 1124 371 1179 conectun
386 1111 439 1198 sit)
454 1119 575 1195 habeat,
590 1119 756 1194 antiquitus
771 1112 831 1177 ‘hic
846 1125 971 1195 sperata
986 1111 1133 1199 Tyrrheni

138 1207 285 1265 traditum
308 1225 374 1265 esse
398 1206 539 1266 dicemus.
585 1226 676 1282 quam
698 1207 881 1282 scripturam
908 1211 1019 1269 senarii
1040 1211 1139 1270 inserte

133 1312 207 1353 uoce
230 1294 300 1353 huie
322 1295 387 1353 leco
412 1295 571 1369 aptissima
595 1289 678 1354 ‘diu'.

228 1411 290 1469 132
314 1411 382 1483 ipsu
405 1409 519 1468 addidi:
544 1429 601 1468 em.
625 1410 661 1468 V.
687 1403 763 1468 ‘illa'
786 1409 852 1469 edd.
876 1428 913 1468 ex
936 1410 970 1471 C.

227 1517 289 1575 135
313 1517 414 1576 edidis
438 1515 556 1590 scripsi:
583 1517 672 1575 audis
694 1512 723 1572 V
744 1515 986 1592 languidissime.
1033 1506 1138 1576 ‘niueis'

135 1604 391 1664 Hemsterhusius.

228 1721 290 1779 147
315 1721 493 1792 aetateque
518 1721 622 1793 tapetis
648 1721 680 1777 e'e
703 1719 922 1778 mediterraneo
946 1722 1046 1780 cendit
1068 1719 1140 1793 capnt

136 1806 293 1881 Hippasus
323 1826 404 1868 auro.
449 1809 523 1866 haec
550 1807 645 1865 uerba
675 1824 735 1866 non
765 1825 825 1865 uno
857 1807 981 1867 nomine
1014 1808 1142 1885 suspecte

138 1900 218 1956 sunt.
246 1914 317 1954 nam
340 1897 419 1973 quod
442 1895 585 1955 Heinsius
609 1895 647 1953 ad
669 1895 746 1952 illud
769 1888 813 1952 <in
833 1890 955 1955 mediis'
981 1895 1142 1956 subintelle-

140 1986 187 2061 git
210 1979 421 2061 ‘Lapitharum
458 1988 489 2043 et
513 1976 753 2058 Centaurorum',
785 1984 954 2058 acciperem
990 1984 1016 2045 si
1053 1999 1145 2061 pugna

141 2092 202 2132 non
234 2075 457 2148 praecessisset.
502 2090 581 2130 nunc
617 2091 684 2131 cum
716 2072 791 2131 alios
826 2071 920 2148 fugae
957 2091 991 2132 se
1028 2072 1146 2143 dedisse,

139 2162 215 2220 alies
238 2165 360 2220 necatos
392 2180 458 2220 esee
487 2162 578 2236 paulo
607 2163 677 2220 ante
704 2163 861 2219 narratum
884 2161 938 2236 eit,
966 2180 1028 2220 nen
1055 2162 1148 2238 petest

138 2249 184 2306 ita
215 2249 353 2325 intellegi
383 2249 460 2307 illud
488 2243 532 2306 ‘in
562 2242 690 2307 mediis'.
740 2249 819 2325 qued
852 2266 920 2307 cum
958 2267 1058 2326 neque
1089 2266 1150 2308 cun

138 2336 232 2394 uerbo
264 2336 454 2410 praecedenti
487 2330 635 2412 ‘tapetis',
669 2337 780 2412 quippe
812 2337 891 2413 quod
928 2337 967 2396 ab
1001 2329 1156 2396 ‘adclinis'¹

138 2441 211 2481 uoce
233 2424 371 2499 pendeat,
395 2425 537 2502 coniungi
559 2429 657 2501 queat,
681 2427 857 2500 corruptum
884 2443 951 2484 esse
975 2429 1150 2493 statuemus.

124 2512 214 2587 ,latet
237 2514 340 2568 autem
362 2512 394 2568 in
417 2531 452 2570 eo
478 2513 643 2589 epitheton,
667 2513 725 2573 nisi
747 2514 850 2589 fallor,
873 2512 1013 2590 Hippasi.
1050 2515 1152 2589 itaque

138 2599 345 2657 indubitanter
386 2600 493 2675 scripsi
538 2595 724 2662 ‘inmensus'.
786 2621 877 2676 porro
925 2602 1064 2678 ineptum
1108 2605 1152 2662 est

139 2681 246 2750 ‘uacuo
284 2681 378 2762 aura’,
420 2688 451 2745 id
488 2689 568 2765 quod
605 2691 728 2767 egregie
765 2691 860 2750 sensit
895 2689 1152 2767 Eyssenhardtius

140 2772 229 2850 [mus.
266 2776 360 2865 Pdren.
393 2775 480 2835 XVII
513 2775 601 2854 379}
657 2779 740 2838 cuius
772 2778 941 2838 rationibus
979 2779 1036 2838 hoc
1069 2779 1153 2852 addo,

138 2864 308 2939 Hippasum
330 2883 391 2923 nen
404 2869 592 2941 prostratum
609 2868 641 2926 in
658 2867 780 2943 tapetis,
804 2868 857 2926 sed
872 2866 1020 2926 adclinem
1033 2868 1153 2941 tapetis,

141 2954 203 3013 scil.
236 2955 406 3031 parietinis,
439 2955 506 3014 dici.
560 2957 662 3033 itaque
696 2956 890 3015 statuendum
926 2957 1008 3016 esset
1039 2955 1154 3013 iocandi

139 3061 233 3101 eausa
257 3063 275 3101 a
299 3043 449 3104 Centauro
474 3046 604 3121 quodam
630 3046 713 3105 illiue
742 3045 835 3120 capiti
857 3061 987 3103 uacuum
1014 3043 1153 3118 peculum

140 3149 207 3189 esse
229 3133 413 3206 impositum.
451 3134 530 3209 qued
554 3152 625 3192 sane
650 3132 901 3190 absurdissimum
924 3134 979 3191 est.
1007 3131 1153 3208 equidem,

140 3217 240 3293 siquid
262 3222 334 3278 noui
356 3221 513 3280 Valerium
535 3239 647 3295 meum,
676 3237 745 3276 eum
773 3219 930 3291 scripsisse
958 3219 1076 3279 affirmo
1099 3212 1153 3278 ‘in-

139 3323 262 3364 mensus
285 3325 381 3365 uacua
404 3309 504 3365 condit
527 3311 617 3382 caput
631 3307 785 3380 Hippasus
800 3299 895 3380 aura',
911 3308 1030 3382 ,quibus
1052 3307 1153 3366 uerbis

139 3389 259 3451 inmane
297 3393 440 3453 Centauri
476 3414 583 3470 corpus
620 3392 743 3469 egregie
780 3392 964 3468 depingitur.
1025 3395 1153 3457 fortasse

137 3478 241 3535 tamen
272 3482 490 3556 uituperandus
523 3484 570 3541 est
599 3484 689 3556 poeta
719 3479 799 3554 quod
830 3499 904 3539 num
931 3481 1088 3559 Hippasus
1119 3501 1154 3541 er
