2362 3938
415 193 532 251 horus
550 193 774 253 ALEXANDRI.
1047 195 1089 261 87

77 356 229 442 dicimus,
257 357 335 422 solis
364 378 434 422 esse
462 357 682 443 militandum,
710 359 767 442 qui
789 381 918 424 cursum
940 360 1091 425 noverint

77 446 119 511 ad
142 446 379 530 insequendum
406 445 535 511 hostem
561 447 671 531 potius
696 468 794 530 quam
822 446 863 511 ad
885 449 1019 531 periculi
1041 448 1090 514 fu·

77 554 164 620 gam.
216 534 320 610 Quam
352 555 424 599 curn
456 539 613 620 perpetuo
645 535 886 620 ignoraveritis,
919 535 996 603 deos
1028 558 1089 622 ego

75 623 171 689 vobis
195 622 396 688 immortales
414 623 552 707 polliciti
575 644 613 688 ac
632 624 702 709 spei
720 645 811 689 meae
828 624 927 689 vades
947 626 1091 709 dixerim,

76 711 162 777 nihil
182 711 314 776 omnino
333 733 429 795 posse
448 711 569 778 oboriri
591 711 824 797 impedimenti,
846 712 926 796 quin
944 714 973 778 si
992 713 1117 779 solitas

77 800 172 867 vobis
187 800 328 864 utamini
342 799 542 884 fortitudine,
556 800 698 865 debitam
707 800 878 867 victoriam
892 801 1090 886 capessatis?

77 889 132 953 Ad
153 889 235 954 haec
252 888 432 953 Alexandri
451 889 551 954 verba
573 892 606 954 et
628 889 721 954 favor
744 889 884 955 militum
908 893 941 955 et
964 890 1090 955 animus

78 978 238 1043 excitatus
270 978 354 1042 nihil
386 976 518 1043 omnino
550 981 679 1062 praeter
710 978 865 1044 victoriae
897 979 1091 1044 desiderium

78 1066 341 1149 celeritatemque
365 1071 565 1150 conceperat.

170 1152 233 1219 Sed
256 1155 341 1219 enim
364 1176 438 1220 cum
461 1155 567 1220 omnis
585 1153 677 1220 Darii
700 1155 859 1220 exercitus
882 1160 1019 1242 propter
1036 1155 1090 1221 Ti·
1104 1177 1121 1218 ιι

80 1244 183 1329 gridis
199 1244 325 1308 alveum
336 1243 463 1308 locatus
479 1244 651 1310 adventum
662 1243 875 1310 Macedonum
890 1249 1092 1330 exspectaret

79 1353 140 1396 nec
154 1331 398 1397 cunctabundus
408 1331 592 1397 Alexander
606 1333 673 1397 acie
687 1333 848 1398 instructa
863 1355 933 1398 sese
942 1334 1091 1400 hostibus

80 1421 263 1505 obtulisset,
287 1423 402 1504 coepto
422 1421 575 1486 conflictu
593 1420 793 1505 ferventique
815 1443 850 1486 re
873 1423 990 1488 bellica
1008 1445 1091 1487 unus

80 1531 120 1574 ex
138 1509 246 1574 Persis
270 1510 369 1574 armis
389 1507 602 1575 Macedonicis
625 1509 766 1593 indutus,
789 1510 911 1575 evitata
933 1511 996 1576 hoc
1019 1513 1092 1575 astu

80 1598 299 1682 dinoscentia,
332 1601 369 1662 ut
397 1601 532 1682 propter
561 1597 806 1664 similitudinem
835 1599 959 1663 scilicet
988 1597 1121 1664 muni-u

81 1687 199 1770 menti,
227 1709 246 1751 a
273 1691 368 1773 tergo
392 1686 610 1752 Alexandrum
638 1708 714 1751 ense
741 1685 862 1752 infesto
886 1686 1032 1751 adoritur
1055 1708 1092 1752 ac

80 1776 167 1840 ferit.
213 1773 277 1840 Sed
304 1775 388 1839 ictus
415 1779 549 1860 propter
576 1776 688 1860 galeae
715 1774 939 1839 fortitudinem
960 1775 1093 1840 habitus

80 1864 206 1928 frustra
242 1863 399 1945 dissiluit,
436 1866 469 1927 et
505 1863 545 1928 ad
576 1861 912 1947 comprehendendum
946 1864 1092 1949 protinus

80 1953 187 2017 virum
215 1952 373 2017 satellites
401 1956 577 2036 properant
603 1952 737 2036 regique
765 1972 839 2016 eum
867 1951 1016 2017 offerunt.
1062 1951 1093 2017 A

81 2063 145 2127 quo
165 2062 236 2106 cum
255 2039 439 2105 Alexander
457 2041 647 2124 requisisset
665 2061 779 2105 causas
799 2039 871 2104 ausi
888 2039 994 2124 huius,
1012 2039 1121 2106 ‘Pri-a

82 2128 192 2213 mum,'
215 2130 330 2213 inquit,
353 2128 556 2214 Alexander,
578 2150 682 2213 neque
704 2132 737 2193 tc
759 2128 843 2193 clam
867 2128 919 2210 sit,
942 2150 1009 2195 non
1032 2149 1094 2215 ego

80 2241 120 2284 ex
152 2239 288 2283 numero
317 2221 375 2283 tuo
406 2240 493 2301 sum,
523 2218 609 2282 enim
639 2217 837 2283 vestratibus
867 2218 965 2283 armis
995 2217 1095 2284 Persa

81 2307 230 2371 vestitus.
275 2305 396 2372 Verum
420 2328 494 2372 cum
517 2310 662 2390 satrapes
692 2306 767 2390 sim,
794 2306 988 2392 dignitatem
1011 2307 1095 2372 eius-

82 2395 172 2461 modi
196 2396 319 2482 gloriae
344 2396 429 2478 apud
451 2394 588 2460 Darium
610 2395 790 2480 praemium
812 2399 928 2478 pactus
953 2418 1034 2481 sum,
1057 2399 1095 2461 ut

82 2485 111 2549 si
141 2484 312 2548 interfecto
342 2488 376 2549 te
403 2488 513 2549 tantae
539 2483 587 2548 rei
612 2483 838 2568 compendium
861 2505 1122 2568 procurassem,a

82 2594 157 2638 cum
186 2573 280 2656 regni
309 2576 401 2656 parte
430 2573 531 2637 filiam
563 2593 690 2657 quoque
719 2573 805 2657 regis
839 2573 880 2638 ad
910 2572 1096 2659 coniugium

82 2682 293 2746 promererer.
337 2659 426 2736 Quae
448 2660 594 2744 profecto
616 2660 705 2725 haud
728 2661 824 2726 dubie
846 2663 971 2746 fierent,
993 2662 1028 2727 ni
1051 2666 1097 2727 te·

82 2772 157 2815 cum
180 2749 310 2814 fortuna
332 2750 444 2832 potius
472 2770 568 2832 quam
596 2771 722 2815 mecum
745 2749 911 2814 stetisset?
957 2750 1017 2815 His
1042 2772 1096 2815 au·

84 2839 163 2903 ditis
198 2838 381 2903 Alexander
417 2838 529 2902 multis
562 2860 694 2904 suorum
722 2838 948 2922 praesentibus
977 2840 1096 2903 iterare

83 2950 157 2992 eum
186 2927 277 2992 iubet
300 2933 481 2991 s'ermonem
503 2927 657 3010 promissi
681 2930 714 2992 et
737 2927 902 3010 audaciae,
929 2927 1121 2991 laudatumc

83 3015 220 3099 denique
243 3014 319 3079 fidei
345 3037 382 3079 ac
405 3014 607 3081 fortitudinis
636 3015 676 3079 ad
705 3036 781 3079 suos
810 3015 856 3078 ire
878 3015 983 3094 iubet,
1011 3013 1096 3096 quod

84 3127 158 3169 eum
177 3103 324 3187 exemplo
339 3103 463 3169 strenui
472 3154 480 3171 .
490 3154 498 3171 .
507 3153 516 3170 .
525 3105 680 3186 utilisque
693 3103 858 3186 praecepti
873 3100 960 3185 apud
974 3102 1096 3165 milites

157 3344 193 3404 Χ4
209 3349 366 3406 vadesMr.
386 3351 465 3405 vates
474 3350 508 3405 P.
546 3355 561 3404 'l
581 3346 663 3403 favor
672 3347 731 3401 Mr.
750 3345 833 3400 fabor
843 3345 877 3400 P.
915 3349 948 3399 18
968 3343 1005 3397 ad
1023 3357 1086 3397 com

85 3421 314 3504 prehendendum
322 3420 402 3490 Epir.
426 3417 720 3490 comprehendendiP.
759 3420 792 3470 19
810 3417 926 3485 regique
945 3431 1009 3469 eum
1017 3412 1082 3498 rapu

85 3493 273 3618 {pernaso
292 3507 485 3618 gboffisffi
504 3492 564 3618 ff.
584 3488 762 3561 procurasset
778 3487 812 3545 P.
849 3493 882 3543 27
901 3487 999 3542 fierent
1017 3484 1082 3557 Epa
