2376 3938
137 165 183 230 90
361 245 367 258 ·
481 159 511 217 c.
532 158 667 217 vanum
685 157 816 215 reuoca

139 332 215 395 quae
238 312 318 392 pelta
340 311 417 372 latus
441 311 537 390 adque
560 327 680 371 umeros
703 308 812 370 nudata
834 307 986 386 pharetris

139 403 250 483 fugerit
272 399 435 462 Herculeae
450 417 528 489 ⁸mox
550 399 675 459 uulnere
698 415 808 476 prensa
830 399 965 479 sagittae,

137 499 233 571 utque
257 491 442 568 securigeras
465 486 664 548 stimulauerit
685 486 736 546 Ira
759 493 895 547 cateruas

138 581 325 657 fleturusque
347 585 446 658 pater,
470 583 598 655 quantus
621 574 696 636 duce
720 582 820 635 terror
841 576 874 634 in
896 576 971 657 ipsa,

137 670 193 749 qui
211 669 296 728 furor
318 668 349 726 in
373 666 479 745 siguis,
502 683 561 743 quo
584 663 700 725 balteus
723 664 831 723 arserit
854 679 936 723 auro.

184 755 278 816 Nocte
302 753 358 815 sub
382 760 514 813 extrema
537 752 646 813 clausis
669 751 784 813 teMuris
808 750 844 809 ab
867 751 963 811 antris

139 842 269 924 peruigil
293 842 411 905 auditur
435 840 598 919 Chalybum
620 839 717 920 lahor3
740 857 821 899 arma
844 837 969 918 fatigant

140 930 301 1010 ruricolae,
324 930 465 1010 Gradiue,
488 931 545 1008 tui3
565 936 651 989 sonat
669 928 717 988 illa
740 928 869 988 creatrix
918 942 924 950 ·

140 1022 236 1099 prima
258 1036 363 1079 manus
385 1017 456 1079 belli
477 1026 574 1078 terras
597 1016 727 1077 crudelis
750 1018 781 1078 in
805 1032 916 1075 omnes.

140 1124 210 1169 nam
231 1108 315 1185 prius
337 1108 431 1184 ignoti
453 1123 542 1183 quam
565 1105 640 1166 dura
663 1104 775 1164 cubilia
797 1104 870 1164 ferri

142 1201 283 1255 eruerent
307 1210 452 1272 ensesque
476 1194 595 1274 darent,
619 1192 693 1253 Odia
716 1210 803 1272 aegra
826 1194 890 1252 sine
914 1195 1008 1254 armis
1106 1202 1149 1253 tto

139 1280 280 1342 errabant
302 1279 425 1357 Iraeque
448 1282 553 1359 inopes
576 1289 607 1341 ct
630 1283 729 1359 segnis
752 1279 867 1359 Erinys,

140 1368 209 1431 inde
234 1368 373 1429 Genetaei
396 1386 502 1447 rupem
524 1368 620 1449 louis,
643 1369 712 1429 hine
735 1369 917 1429 Tibarenum

140 1457 212 1518 dant
235 1456 347 1517 uirides
370 1464 437 1535 post
459 1464 543 1535 terga
564 1456 660 1536 lacus,
684 1457 736 1517 ubi
759 1456 859 1518 deside
884 1458 974 1517 mitra

140 1546 201 1607 ieta
223 1544 299 1625 ligat·
315 1551 462 1629 partuque
485 1547 589 1606 uirum
612 1546 694 1605 louet
716 1547 780 1623 ipsa
803 1545 910 1605 soluto.

141 1653 196 1695 uos
220 1652 338 1713 quoque
361 1652 422 1694 non
444 1641 531 1694 notae
554 1635 653 1693 mirati
676 1631 742 1693 uela
765 1635 883 1693 carinae

140 1722 284 1802 Mossyni,
307 1740 363 1781 uos
386 1729 416 1781 et
439 1721 563 1782 stabulis
585 1719 739 1781 Macrones
763 1721 800 1781 ab
823 1721 890 1781 altis

141 1809 327 1888 Byzeresque
350 1812 419 1888 uagi
441 1809 636 1889 Philyraeque
659 1827 676 1868 a
699 1811 818 1870 nomine
842 1809 920 1871 dicta

141 1897 241 1978 litora,
264 1916 340 1976 quae
364 1916 457 1958 cornu
480 1897 594 1976 pepulit
618 1897 765 1958 Saturnus
788 1899 906 1975 equino.
959 1901 961 1906 '

186 1985 314 2047 Ultimus
337 1985 406 2047 inde
430 1988 514 2045 sinus
537 2004 719 2063 saeuumque
743 1984 840 2045 cubile
863 1984 1040 2049 Promethei

142 2076 288 2155 cernitur,
311 2076 343 2134 in
366 2071 476 2152 gelidas
500 2092 683 2152 consurgens
707 2073 856 2134 Caucasus
879 2081 988 2134 arctos.

141 2162 190 2223 illc
215 2163 304 2222 etiam
327 2161 449 2223 Alciden
472 2161 587 2221 Titania
609 2163 668 2221 iata
691 2169 857 2222 morantem

140 2250 281 2311 attulerat
302 2258 368 2311 tum
390 2249 467 2310 forte
490 2249 567 2327 dies;
589 2251 706 2327 iamque
730 2268 834 2328 aspera
857 2251 925 2309 nisu

141 2337 273 2416 undique
297 2337 469 2399 conuellcns
492 2340 605 2398 ueteris
627 2356 696 2398 cum
720 2345 817 2415 strage
840 2339 966 2415 pruinae

143 2425 262 2486 uincula
284 2445 393 2504 prensa
415 2444 505 2486 manu
528 2427 605 2486 saxis
629 2425 792 2486 abduxerat
814 2427 881 2485 imis

141 2511 253 2572 arduus
277 2520 307 2573 et
329 2514 414 2573 laeuo
437 2516 559 2591 grauior
581 2513 671 2594 pede3
695 2522 837 2575 consonat
859 2515 966 2591 iugens

142 2598 306 2679 Caucasus,
329 2607 359 2660 et
383 2617 498 2660 summo
516 2604 629 2680 pariter
652 2620 721 2663 cum
743 2610 843 2662 monte
867 2607 989 2670 secutae

141 2685 305 2748 incubuere
324 2688 423 2748 trabes
447 2688 632 2769 abductaque
655 2690 776 2750 flumina
798 2697 898 2768 ponto.

141 2776 175 2836 tit
197 2775 310 2856 fragor,
333 2776 479 2838 aetherias
503 2796 559 2839 ceu
581 2777 715 2857 luppiter
738 2778 849 2839 arduus
867 2795 956 2845 ,arces

142 2862 297 2945 inpulerit,
320 2865 393 2926 imas
416 2884 521 2927 manus
544 2873 595 2926 aut
618 2865 766 2946 Neptunia
788 2874 893 2926 terrae.

140 2953 260 3013 horruit
281 2955 451 3015 inmensum
473 2954 561 3015 Ponti
579 2954 669 3034 latus,
692 2954 811 3015 horruit
833 2955 929 3013 omnis

142 3040 298 3103 Armeniae
322 3051 495 3121 praetentus
517 3042 623 3124 lliber,
646 3045 826 3122 penitusque
850 3059 975 3102 recusso

141 3146 271 3209 aequore
295 3129 424 3210 Cyaneas
447 3131 560 3210 Minyae
583 3133 710 3192 timuere
734 3128 859 3192 relictas.

141 3225 207 3278 tum
229 3221 341 3297 gemitu
365 3222 505 3299 propiore
529 3218 649 3298 chalybs
672 3219 844 3298 densusque
868 3217 999 3279 reuulsis

142 3304 268 3384 rupibus
291 3307 387 3368 audiri
410 3309 520 3368 montis
542 3307 626 3367 labor
649 3315 679 3367 et
703 3326 794 3387 graue
818 3306 907 3367 Titan

141 3394 323 3476 uociferans,
346 3396 419 3455 fixos
443 3396 573 3474 scopulis
596 3395 668 3456 dum
689 3395 813 3457 uellitur
836 3404 927 3456 artus.
1110 3401 1153 3453 tto

84 3495 87 3500 ·
136 3486 243 3543 contra
268 3489 372 3548 autem
392 3485 491 3566 ignari
512 3477 597 3567 {quis
618 3486 702 3544 enim
720 3502 801 3544 nunc
824 3482 926 3545 credat
949 3484 980 3541 in
1004 3481 1065 3545 illis
