2362 3938
140 721 398 798 EPISTOLA
424 721 729 799 niaximum
755 684 1064 804 nicanoris

113 858 186 934 aa
212 856 584 934 naisroracau
610 859 921 938 nacisracu
948 865 1094 941 surm

95 996 167 1070 na
194 994 408 1070 munau
438 993 539 1072 suc
573 997 644 1070 an
670 998 741 1071 aa
771 996 891 1074 sinu
917 999 1113 1077 lucina.

185 1165 320 1253 Semper
348 1191 473 1235 memor
500 1170 550 1234 tui
577 1170 676 1235 etiarn
703 1172 788 1235 inter
814 1171 912 1236 dubia
937 1174 1112 1238 bellorum-

69 1278 158 1341 sque
185 1261 374 1322 nostrorum
402 1259 560 1343 pericula,
588 1259 753 1324 carissime
778 1265 971 1344 praeceptor
1000 1285 1037 1327 ac
1067 1285 1114 1327 se-

95 1345 238 1412 cundum
261 1350 400 1411 matrem
425 1369 531 1413 meam
551 1369 746 1432 sororesque
769 1370 858 1413 meas
879 1352 1114 1437 acceptissime,

95 1440 129 1500 et
158 1436 309 1522 quoniam
340 1439 373 1500 te
404 1437 547 1501 deditum
577 1437 804 1521 philosophiae
832 1460 1003 1524 noveram,
1034 1441 1111 1505 scri-

94 1525 235 1590 bendum
263 1523 326 1590 tibi
356 1525 394 1588 de
422 1524 612 1608 regionibus
639 1525 753 1590 Indiae
782 1547 818 1590 ac
848 1527 886 1590 de
915 1531 1006 1593 statu
1030 1530 1112 1594 coeli

93 1614 336 1698 innumerisque
360 1615 559 1698 serpentium
584 1617 617 1678 et
639 1613 807 1679 hominum
826 1615 1034 1700 ferarumque
1058 1638 1111 1702 ge-

51 1729 78 1770 io
93 1705 226 1769 neribus
259 1701 461 1786 existimavi,
496 1707 533 1767 ut
567 1703 688 1786 aliquid
720 1725 779 1787 per
811 1726 969 1769 novarum
1002 1728 1112 1771 rerum

94 1791 296 1878 agnitionem
321 1791 429 1855 studio
453 1794 486 1855 et
509 1793 639 1876 ingenio
662 1793 768 1876 possit
792 1793 951 1858 accedere.
992 1792 1112 1869 Quam-

94 1902 192 1966 quam
216 1881 305 1944 inte
329 1884 555 1945 consummata
577 1880 749 1963 prudentia
772 1882 960 1966 nullumque
987 1884 1112 1949 adiuto-

93 1971 178 2034 rium
210 1968 394 2052 expostulet
426 1969 509 2033 ratio
541 1969 722 2055 doctrinae,
756 1992 838 2055 quae
871 1993 890 2035 a
922 1975 955 2035 te
988 1975 1111 2056 tuoque

94 2058 223 2122 saeculo
254 2077 292 2121 ac
321 2055 440 2120 futuris
468 2059 670 2142 temporibus
700 2059 887 2142 conveniat,
916 2063 1043 2143 tamen,
1075 2064 1113 2125 ut

51 2172 77 2213 n
94 2166 168 2210 mea
187 2148 283 2230 gesta
301 2165 523 2230 cognosceres,
546 2169 627 2230 quae
651 2147 769 2230 diligis,
792 2150 825 2210 et
846 2167 887 2209 ne
911 2147 988 2230 quid
1011 2149 1112 2211 inusi-

93 2238 200 2300 tatum
227 2233 380 2319 haberes,
410 2255 447 2299 ea
478 2255 561 2318 quac
590 2235 625 2297 in
653 2232 749 2298 India
777 2233 844 2297 vidi
873 2255 931 2315 per
962 2255 1109 2299 summos

93 2324 223 2389 labores
247 2345 284 2388 ac
307 2323 452 2404 pericula
470 2322 691 2402 Macedonum,
714 2319 884 2385 scribenda
904 2320 966 2384 tibi
985 2323 1108 2403 putavi.

94 2411 226 2480 Etenim
250 2415 327 2476 sunt
348 2411 446 2496 digna
465 2410 641 2475 memoriae
660 2409 789 2493 singula
813 2429 851 2473 ac
869 2408 981 2472 multis
1001 2411 1108 2476 modis

94 2505 299 2585 coacervata,
322 2520 416 2584 quem
441 2498 481 2564 ad
502 2498 633 2563 modum
652 2497 794 2583 inspexi3
818 2518 885 2563 non
908 2497 1107 2564 credideram

184 2747 219 2803 L.
231 2771 264 2792 =
276 2744 341 2801 Ood.
355 2745 433 2800 Laid.
448 2744 522 2800 Voss.
540 2743 569 2814 Q.
585 2747 629 2800 20.
644 2745 752 2800 membr.
766 2761 835 2801 auec.
850 2745 872 2800 I
873 2745 910 2800 X.
953 2745 986 2800 G.
998 2772 1032 2791 =
1045 2746 1108 2802 Cod.

99 2817 332 2890 Guelferbytanus
350 2815 423 2886 Amp.
443 2820 488 2883 56,
503 2820 548 2870 16.
569 2816 676 2871 membr.
696 2815 735 2870 8⁰.
760 2833 828 2873 aare.
850 2817 888 2872 X.
942 2816 977 2872 B.
994 2843 1027 2863 =
1044 2818 1108 2872 (3οά.

97 2890 188 2946 Parae.
210 2893 293 2944 8518.
316 2888 423 2942 membr.
447 2885 487 2942 8⁰.
510 2903 579 2943 saec.
603 2887 634 2942 X
654 2888 695 2942 cet
720 2888 779 2942 XI.
836 2889 880 2942 M.
895 2913 930 2934 =
947 2887 1011 2944 Ood.
1030 2887 1108 2944 Leid.

96 2962 172 3019 Voss.
194 2961 224 3032 Q.
244 2959 502 3017 rememorare.
524 2953 562 3013 X.
614 2978 643 3012 ω.
659 2983 693 3004 =
708 2974 854 3014 comenses
871 2961 967 3014 boram
986 2961 1109 3015 codicum

88 3028 266 3090 'L.G.B.M.
343 3029 375 3084 V.
390 3054 425 3075 =
441 3027 505 3084 Ood.
519 3028 671 3085 Vindobom.
685 3033 754 3098 150,
773 3031 838 3085 olim
859 3029 938 3084 Um'c.
957 3034 1020 3085 863.
1040 3046 1108 3084 suec.

99 3105 200 3159 XIII.
310 3099 339 3156 0.
362 3125 396 3146 ==
419 3098 483 3156 God.
505 3100 597 3156 Purr's.
620 3105 720 3156 17569.
745 3102 852 3155 membr.
878 3099 917 3152 4⁰.
941 3115 1010 3153 auec.
1030 3100 1110 3154 XII.

99 3175 134 3230 P.
150 3200 184 3222 ==
200 3174 264 3230 ch.
284 3173 376 3228 Parta.
396 3175 480 3226 4880.
503 3173 611 3226 membr.
634 3172 682 3238 fol.
701 3186 769 3226 suec.
790 3169 888 3225 XIII.
912 3237 918 3249 ·
943 3169 981 3222 H.
997 3194 1028 3212 =
1044 3170 1107 3223 0οά.

97 3245 177 3302 Leid.
196 3245 250 3300 Nr.
265 3248 312 3302 20.
331 3243 438 3298 membr.
457 3242 504 3309 fol.
523 3257 591 3296 suec.
613 3242 693 3294 XII.
716 3271 751 3282 -
775 3245 791 3294 8
810 3237 972 3307 regi0n1bus
990 3238 1029 3291 H.
1059 3255 1106 3306 ge-

96 3316 211 3372 neribus
230 3336 261 3370 ω.
292 3314 455 3384 regionibus
473 3328 543 3368 corr.
562 3308 763 3379 acgeneribus
783 3309 816 3364 G.
864 3312 1108 3387 12nconsummata

98 3387 136 3444 sit
154 3388 187 3443 V.
261 3392 294 3442 15
312 3382 491 3456 inusitatum]
509 3381 703 3438 invisitatum?
776 3383 808 3434 18
827 3377 938 3432 Etenim
956 3393 1012 3432 non
1031 3379 1107 3434 L.B.

96 3458 234 3515 memoria
255 3458 287 3515 V.
