2362 3938
418 207 536 263 ORTUS
557 207 779 264 ALEXANDRI.
1086 211 1105 275 7

85 370 345 457 deprehendat?
391 369 453 435 ‘Ne
477 369 651 455 metuerie‚'
676 371 731 436 ille
754 372 930 456 respondit,
955 373 1106 460 ‘opitula-

86 463 173 526 bitur
197 462 287 526 enim
308 458 451 525 Ammon
475 460 504 523 ei
526 459 617 537 vitio,
641 459 727 545 quod
751 461 863 546 suasit,
886 483 1024 547 eumque
1047 486 1105 549 per

85 551 251 615 somnium
276 570 373 633 super
400 548 487 613 facto
512 548 652 629 docebit,
680 548 822 633 nequid
850 549 913 614 tibi
942 552 1004 616 iate
1034 574 1104 618 suc-

83 643 232 722 censeat,
261 637 348 722 quod
375 636 457 702 sciat
485 637 562 702 deos
586 638 730 702 omnium
753 641 903 721 potentes
928 639 1019 704 esse?
1065 640 1102 711 In

82 728 171 793 hunc
185 728 290 811 igitur
304 726 435 790 modum
446 725 615 810 Olympias
630 725 766 811 magicis
781 727 906 792 artibus
917 725 1102 794 ducebatur.
1116 749 1130 790 s

175 815 238 880 Sed
253 814 462 880 Nectanabus
483 815 545 878 sibi
565 836 691 879 sacrum
707 815 894 899 accipitrem
907 822 1003 900 parat
1018 838 1103 882 eum·
1116 823 1176 879 VII]

83 928 146 991 que
172 904 328 970 secretius
353 907 464 969 monet
489 903 536 967 ire
560 902 599 967 ad
623 901 809 987 Philippum
834 909 868 968 et
891 905 994 989 loqui,
1021 927 1103 991 quae

81 997 155 1078 ipse
180 992 401 1058 mandaverat.
448 991 622 1076 Pergitque
650 993 697 1056 ire
727 994 807 1077 ales,
836 997 873 1058 ut
895 994 1020 1059 iussum
1043 998 1103 1079 est,

82 1106 141 1168 per
160 1088 266 1147 terras
286 1085 319 1146 et
338 1102 426 1145 mare
446 1078 698 1166 Philippumque
717 1103 776 1164 per
793 1086 922 1147 noctem
942 1083 1103 1148 adsistens

82 1172 249 1238 mandatis
269 1169 477 1254 opinionibus
498 1169 648 1252 complet.
681 1168 805 1255 Quippe
819 1172 954 1237 territus
974 1173 1100 1238 somnio
1115 1196 1142 1235 ro

82 1264 285 1344 evocatoque
308 1280 365 1323 rex
390 1258 592 1322 somniorum
615 1257 794 1341 interprete
823 1260 869 1325 sic
897 1262 957 1326 ait:
986 1258 1101 1345 ‘Vidi‚'

33 1395 36 1401 -
83 1349 207 1435 inquit,
235 1349 306 1432 ‘per
331 1347 471 1431 quietem
496 1345 588 1411 deum
613 1346 786 1432 quendam,
815 1347 898 1414 facie
920 1348 1100 1415 formosum

82 1446 114 1504 et
138 1437 261 1503 canitie
285 1436 500 1500 caesariatum
525 1435 641 1519 capitis
665 1438 698 1500 et
721 1456 833 1522 genae,
856 1437 968 1502 arietis
990 1441 1101 1503 tamen

82 1527 236 1593 cornibus
264 1525 472 1608 insignitum,
502 1524 726 1606 supervenisse
754 1524 940 1610 Olympiadi
971 1527 1100 1610 coniugi

82 1637 174 1681 meaa
206 1634 302 1697 seque
333 1613 384 1676 illi
412 1613 538 1696 nuptiis
569 1612 756 1678 miscuisse?
808 1613 931 1689 Quibus
959 1615 1099 1697 patratis
1113 1638 1140 1679 15

80 1707 163 1770 haec
183 1703 283 1767 etiam
302 1702 401 1766 verba
420 1700 599 1765 addiderat:
623 1699 820 1786 ‘Excepisti'
840 1702 955 1786 inquit,
979 1699 1010 1766 ‘o
1029 1723 1099 1767 mu-

81 1796 149 1876 her,
175 1813 299 1856 marem
318 1791 430 1874 filium,
454 1789 509 1873 qui
528 1789 658 1854 adserat
679 1794 712 1855 te
736 1795 768 1855 et
790 1789 892 1874 patris
916 1790 1006 1855 ultor
1028 1812 1098 1856 esse

80 1878 255 1948 laudetur?
295 1879 378 1943 Tum
397 1879 542 1942 mulieris
561 1878 703 1964 virginal
721 1878 811 1943 biblo
831 1882 1004 1963 contegere
1023 1900 1097 1944 con·

80 1973 277 2056 signareque
300 1967 419 2032 annulo
444 1988 540 2031 aureo
559 1968 734 2050 visebatur,
757 1966 808 2031 cui
832 1967 1004 2050 inscalptio
1028 1971 1099 2033 erat

80 2061 161 2125 solis
190 2057 316 2143 effigies
346 2059 379 2120 et
405 2055 508 2120 leonis
537 2059 635 2140 caput
662 2056 773 2120 hastili
803 2055 957 2121 subiecto.
1008 2055 1096 2132 Quae
1111 2081 1144 2141 ao·

80 2171 154 2214 cum
171 2146 334 2227 vidissem,
353 2144 507 2229 accipiter
527 2144 756 2228 superveniens
776 2143 917 2209 excitare
934 2166 986 2208 me
1000 2146 1097 2229 pulsu

79 2237 254 2302 videbatur
282 2234 416 2299 alarum.
463 2231 546 2308 Quid
574 2233 674 2317 igitur
701 2233 789 2298 istud
819 2236 882 2320 est,
909 2234 995 2318 quod
1023 2257 1096 2319 por-

79 2322 270 2390 tendituri'
316 2322 399 2386 Tum
422 2321 597 2404 interpres:
622 2318 665 2385 Ὀ
689 2319 852 2407 Philippe,
875 2344 987 2387 verum
1010 2323 1097 2388 istud

79 2421 129 2479 est
155 2434 218 2477 nec
241 2412 276 2475 in
296 2410 383 2474 aliud
401 2408 687 2495 interpretandum,
710 2413 748 2474 ut
766 2411 900 2493 adsolet,
922 2412 1096 2495 opinabile.

79 2502 173 2579 Quod
198 2500 284 2564 enim
309 2499 432 2584 signari
454 2497 566 2562 vidisti
589 2498 730 2583 virginal
752 2499 906 2585 feminae,
928 2499 1025 2564 fidem
1049 2500 1096 2564 rei
1110 2523 1137 2563 as

78 2595 171 2657 visae
185 2592 336 2653 testatur.
369 2585 582 2672 Consignatio
597 2587 684 2650 enim
698 2586 777 2651 fides
793 2591 843 2652 est
857 2595 953 2672 atque
968 2589 1096 2674 veritas,

78 2704 117 2745 cx
136 2701 202 2764 quo
222 2677 400 2762 praenosti,
422 2674 508 2760 quod
527 2675 585 2739 illa
604 2675 799 2760 conceperit3
820 2698 914 2742 nemo
934 2677 1020 2741 enim
1038 2699 1096 2742 vas

78 2789 219 2835 vacuum
240 2764 489 2848 consignaverit.
521 2763 567 2827 nt
581 2763 662 2828 haec
677 2764 779 2848 biblo,
798 2765 916 2850 quippe
936 2786 1008 2830 cum
1025 2765 1096 2830 bib-

78 2861 128 2924 lus
150 2859 217 2921 ista
233 2855 286 2918 vel
305 2857 394 2918 carta
413 2851 530 2916 nullibi
550 2854 695 2936 gentium
714 2854 778 2917 nisi
796 2855 831 2917 in
849 2858 963 2918 nostra
980 2854 1095 2918 tellure

169 3018 186 3066 5
206 3009 322 3065 modum
342 3025 391 3063 cm.
412 3009 445 3062 P.
475 3008 579 3077 magici
600 3009 633 3062 P.
692 3015 708 3063 ‘1
728 3008 857 3064 secretim
876 3010 984 3064 videtur
1002 3010 1096 3077 lenisse

80 3087 202 3139 leretur.
231 3083 261 3135 et
279 3079 428 3148 loqui-9
443 3078 663 3148 Philippumque
677 3096 726 3135 om.
738 3080 769 3134 P.
807 3086 823 3133 9
842 3095 948 3147 perque
966 3083 1093 3133 terras'r.

80 3162 111 3208 11
131 3154 288 3220 interprete
302 3152 406 3220 Berqer
419 3152 452 3203 de
468 3150 581 3220 Xiorcp.
610 3149 776 3219 interpretes
786 3151 852 3204 rP.
909 3153 941 3202 16
960 3147 1046 3201 verbo
1060 3149 1093 3202 P.

79 3224 217 3295 excepisti
226 3228 254 3274 Τ.
282 3220 393 3290 excepti
411 3222 444 3275 P.
529 3225 562 3274 18
582 3222 800 3290 consignarcque
819 3226 846 3272 Τ.
876 3218 1041 3286 signateque
1060 3217 1093 3271 P.

80 3305 111 3352 19
130 3296 278 3350 visebatur
288 3298 314 3346 Τ.
339 3292 488 3346 videbatur
508 3292 542 3345 P.
597 3297 631 3346 20
649 3291 739 3346 leonis
758 3291 843 3359 caput
860 3290 896 3355 os.
916 3286 1005 3356 Steph.
1024 3287 1094 3360 Byr.

78 3386 98 3423 r.
116 3386 141 3422 o.
159 3363 368 3430 Ἀλεξάνδρειαε
394 3359 502 3430 ἐκλήθη
527 3359 558 3415 dt
574 3358 705 3423 Ῥακῶτις
727 3361 776 3415 nul
796 3355 888 3427 Φάρος
908 3359 957 3411 καὶ
975 3357 1095 3413 Λεοντό·
1164 3346 1176 3375 ”

78 3445 157 3501 uotae
175 3434 227 3491 διὰ
246 3432 277 3488 τὸ
298 3432 349 3502 τὴν
368 3434 418 3500 τῆς
432 3431 621 3502 Ὀλυμπιάδος
640 3429 762 3501 γαστέρα
777 3426 970 3498 ἐσφραγίσθαι
983 3427 1096 3492 λέοντος

79 3509 177 3565 εἰκόνι.
217 3511 253 3561 24
272 3504 414 3574 opinabile
424 3505 456 3558 P.
486 3503 636 3573 opinavere
645 3509 672 3556 Τ.
710 3506 743 3555 28
763 3517 883 3556 vacuum
894 3501 928 3556 P.
951 3518 1056 3572 vagum
1066 3508 1095 3555 Τ.

80 3581 114 3635 Et
130 3582 204 3635 haee
223 3583 252 3631 Τ.
280 3576 319 3630 Ut
335 3574 406 3629 haec
425 3576 458 3629 P.
530 3581 564 3629 29
584 3574 639 3628 ista
657 3588 708 3630 om.
727 3579 754 3627 Τ.
