2362 3938
412 163 530 218 ORTUS
549 161 770 219 ALEXANDRI.
1054 167 1097 232 29

80 326 271 392 Alexander
285 329 438 409 paternae
454 328 582 391 statuae
597 331 786 411 suggestum
807 331 839 392 et
856 334 989 413 propter
1008 331 1099 394 illam

79 416 246 480 adsistens
271 415 305 479 in
328 413 408 479 haee
427 415 527 479 verba
550 415 770 480 contionatur:
795 414 839 480 ‘0
860 417 969 482 Pellae
990 420 1099 502 proles

78 509 111 568 et
128 503 348 568 Macedonum
372 504 419 567 vel
434 502 682 567 Atheniensium
698 501 908 590 Corinthique
926 508 1099 592 progenies

78 596 328 674 ceterarumque
343 589 497 656 Graeciae
512 592 658 676 gentium
672 592 814 676 nomina,
834 614 874 656 en
892 597 1021 678 tempus
1041 599 1099 680 est,

78 680 229 765 quisquis
246 679 434 745 Alexandro
450 702 520 744 sese
535 681 645 764 cupiat
658 681 809 765 militare,
825 687 862 746 ut
877 682 1000 746 seilicet
1013 705 1099 749 nunc
1119 705 1132 745 s

78 791 201 833 nomen
222 768 331 833 labori
344 768 497 833 fateatur.
531 768 570 832 In
590 790 646 834 eos
661 770 780 853 quippe
798 769 1011 836 militabimus
1026 772 1099 836 bar·

78 858 187 941 beros,
213 857 270 940 qui
292 878 352 921 nos
375 857 568 941 iampridem
591 878 636 941 re,
657 879 742 922 nunc
765 879 843 923 vero
867 859 1008 942 spoliare
1026 880 1099 943 per·

77 951 162 1032 gunt
191 947 294 1011 etiam
318 946 477 1011 libertate.
522 945 629 1029 Igitur
657 967 768 1010 eamus
797 946 910 1011 ducere
938 949 973 1011 in
1001 949 1099 1015 servi·

78 1040 185 1100 tutem
205 1034 333 1098 Persas.
374 1034 430 1118 Hi,
454 1034 571 1118 quibus
590 1037 685 1116 turpe
705 1037 776 1099 erat
794 1036 1010 1100 servientibus
1033 1058 1100 1101 non

80 1123 271 1204 subvenire,
300 1123 386 1186 enim
413 1144 498 1187 nunc
525 1122 591 1186 iam
615 1123 714 1186 etiam
742 1122 808 1207 ipsi
831 1123 1008 1191 servimus?
1054 1125 1100 1190 ut
1114 1147 1146 1188 11,

80 1212 159 1278 haec
185 1211 318 1296 quidem
342 1210 429 1275 dicta
451 1210 676 1295 praesentibus
701 1210 805 1276 edicit.
852 1211 976 1277 Tamen
998 1214 1026 1279 it
1049 1236 1099 1278 ea-

81 1302 151 1366 dem
176 1301 239 1364 illa
263 1301 425 1364 sententia
449 1302 482 1364 et
502 1321 560 1382 per
583 1299 712 1385 singula
736 1301 854 1384 oppida
877 1302 1100 1387 civitatesque,

80 1395 114 1453 ut
135 1411 207 1454 una
233 1410 307 1453 oum
330 1388 489 1453 elassibus
512 1387 545 1471 ii,
569 1388 624 1471 qui
648 1410 811 1453 armorum
837 1390 994 1455 desiderio
1013 1395 1101 1455 tene-

81 1482 208 1560 rentur,
239 1477 280 1541 ad
309 1499 378 1541 sese
402 1477 610 1542 confluerent.
655 1477 761 1562 Igitur
787 1483 825 1542 ut
850 1479 878 1542 si
900 1480 1100 1544 incentivum

83 1566 216 1649 aliquod
239 1565 349 1630 divina
367 1587 446 1630 voce
467 1566 690 1649 intonavisset,
713 1588 776 1649 quo
800 1566 927 1631 facilius
951 1567 992 1631 ad
1016 1566 1098 1632 eius·
1114 1588 1140 1631 11

81 1655 168 1720 modi
200 1676 285 1737 opus
309 1653 415 1719 studia
438 1654 609 1718 hominum
632 1654 890 1737 exardescerent,
917 1656 965 1718 ita
987 1658 1100 1720 votum

82 1747 311 1827 certamenque
339 1746 410 1806 erat
436 1741 668 1807 Macedonibus
696 1742 868 1807 militandi.
917 1741 1100 1808 Alexander

82 1832 218 1896 aedibus
240 1832 404 1914 reseratis,
428 1832 544 1915 quibus
564 1831 694 1896 condita
712 1832 814 1914 patris
835 1852 925 1895 arma
944 1831 1100 1896 militaria

82 1921 285 2003 visebantur,
307 1921 359 1984 his
383 1941 463 2004 quos
487 1921 627 1984 inermes
650 1919 779 1983 viderat
802 1919 982 2003 dilargitur.
1112 1943 1137 1983 19

172 2007 233 2072 20.
259 2006 321 2072 Sed
337 2008 423 2072 enim
438 2009 574 2092 quisque
589 2008 730 2091 armiger
744 2007 888 2091 Philippi
902 2012 1010 2072 aetate
1026 2030 1099 2092 pro·
1119 2020 1162 2073 14.

81 2097 215 2180 rectior,
240 2096 297 2160 diu
315 2096 381 2161 iam
400 2097 536 2161 militiae
554 2096 741 2180 laborisque
760 2099 938 2181 pertaesus,
958 2097 1100 2180 negabat

83 2208 113 2250 se
127 2186 288 2250 idoneum
306 2185 357 2249 his
377 2185 547 2249 conatibus
565 2185 644 2268 fore,
664 2187 771 2248 aetate
791 2184 916 2250 scilicet
935 2208 995 2251 sua
1008 2208 1099 2269 prae·

83 2274 230 2339 sentibus
261 2272 455 2359 refragante.
502 2273 554 2337 Ad
583 2273 664 2337 haec
692 2271 876 2337 Alexander
902 2273 1099 2358 ‘Equidem'

82 2363 203 2448 inquit,
238 2361 481 2426 ‘veridicentiae
514 2362 572 2425 isti
602 2362 696 2425 testis
729 2362 844 2427 accedo
876 2385 937 2428 nec
969 2364 1101 2429 labores

83 2457 221 2534 vestros,
246 2472 327 2534 quos
350 2450 578 2533 praetenditis,
601 2472 667 2514 non
690 2449 879 2535 adstipulor.
922 2451 1098 2517 Enimvero
1113 2473 1140 2515 11

82 2540 222 2603 militiae
237 2540 287 2603 vis
309 2538 466 2604 eiusmodi
485 2561 536 2602 res
560 2541 620 2622 est,
638 2539 687 2602 uti
706 2539 897 2624 magisterio
914 2541 1100 2605 callentium

84 2629 235 2692 ordinata
263 2649 340 2691 mox
362 2627 478 2692 fiducia
501 2627 620 2691 virium
649 2629 853 2712 exsequenda
881 2629 932 2694 sit.
978 2628 1100 2694 Peritia

83 2718 202 2802 quippe
219 2716 340 2781 veteris
358 2738 436 2780 usus
456 2714 546 2779 rudis
566 2737 680 2780 manus
700 2716 834 2781 audacia
849 2716 1017 2801 dirigenda
1036 2722 1099 2783 est:

83 2827 222 2888 quorum
255 2804 393 2868 alterum
423 2827 498 2890 vos,
530 2805 667 2868 alterum
700 2805 851 2870 iuventus
884 2806 1100 2869 existimatur.

171 2967 187 3014 2
204 2960 316 3014 inhaec
327 2961 503 3017 verbaMai¹.
522 2960 595 3015 adh.
606 2961 716 3015 v.A.P.
750 2967 766 3015 3
783 2959 1009 3029 chorintiiqueP.
1038 2968 1102 3015 4111

85 3035 197 3102 tempus
218 3037 245 3085 Τ.
274 3048 308 3085 en
328 3047 377 3086 om.
397 3031 470 3085 ΑΡ.
508 3035 617 3085 51111111
637 3031 762 3101 quisquis
783 3033 816 3086 P.
846 3031 953 3086 scilicet
970 3029 1045 3084 hunc
1066 3030 1101 3083 P.

83 3108 97 3156 8
115 3104 267 3158 servitium
277 3108 304 3158 r.
344 3107 377 3156 10
396 3103 470 3156 enim
482 3108 546 3171 poet
560 3103 598 3155 Hi
611 3104 724 3158 collocat
737 3103 837 3172 Ktuyc.
857 3117 893 3155 en
906 3101 1008 3155 Eberb.
1042 3101 1102 3153 iam

84 3174 224 3229 oraAP.
272 3178 304 3226 11
324 3172 349 3225 it
366 3173 493 3228 oralP.
537 3178 571 3227 14
588 3172 749 3228 incendium
760 3173 789 3227 Τ.
835 3177 867 3225 15
887 3170 1101 3225 intonuissetP.

84 3243 248 3299 huiusmodi
267 3244 300 3297 P.
359 3249 391 3299 17
411 3245 553 3298 certamen
573 3247 633 3313 (om.
654 3247 719 3313 que)
738 3244 771 3299 P.
799 3241 838 3296 At
855 3241 1013 3296 Alexander
1035 3240 1065 3294 Τ.

171 3316 223 3371 20.
242 3322 277 3368 21
299 3313 347 3368 diu
365 3315 422 3367 iam
436 3316 536 3384 scripsi
540 3337 551 3382 ;
573 3314 698 3369 divinam
715 3315 746 3366 T.
771 3312 806 3366 de
825 3312 854 3364 vi
867 3312 902 3366 A.
910 3311 944 3366 P.
987 3316 1021 3365 22
1040 3313 1101 3367 ido-

84 3404 163 3441 neum
187 3387 236 3440 his
261 3385 357 3455 Geyer.
385 3383 494 3439 idoneis
519 3386 555 3439 A.
583 3385 708 3453 negabat
733 3400 762 3436 se
787 3383 932 3437 conatibus
959 3382 1018 3436 fore
1041 3381 1101 3438 ido-

86 3472 164 3513 neum
180 3459 217 3512 P.
265 3455 438 3523 2611111111
458 3456 493 3509 P.
542 3461 577 3510 26
596 3455 715 3509 militiae
734 3453 777 3507 ius
796 3452 831 3507 A.
859 3451 963 3508 militia
980 3454 1023 3508 vis
1043 3454 1103 3510 eius

87 3529 221 3586 eiusmodi
235 3524 365 3582 restituti
375 3527 407 3582 Τ.
444 3531 478 3580 27
493 3525 674 3595 exaequanda
682 3524 711 3580 Τ.
732 3524 769 3578 sit
782 3540 833 3579 om.
843 3524 876 3579 P.
914 3530 948 3581 28
968 3527 1103 3596 erigenda
