<?xml version="1.0" encoding="UTF-8"?>
<!DOCTYPE html PUBLIC "-//W3C//DTD XHTML 1.0 Transitional//EN"
    "http://www.w3.org/TR/xhtml1/DTD/xhtml1-transitional.dtd">
<html xmlns="http://www.w3.org/1999/xhtml" xml:lang="en" lang="en">
 <head>
  <title>
</title>
<meta http-equiv="Content-Type" content="text/html;charset=utf-8" />
  <meta name='ocr-system' content='tesseract 3.04.00' />
  <meta name='ocr-capabilities' content='ocr_page ocr_carea ocr_par ocr_line ocrx_word'/>
</head>
<body>
  <div class='ocr_page' id='page_1' title='image "./domitiivlpianiq00huscgoog/domitiivlpianiq00huscgoog_0488.png"; bbox 0 0 2362 3938; ppageno 0'>
   <div class='ocr_carea' id='block_1_1' title="bbox 356 191 1105 264">
    <p class='ocr_par' dir='ltr' id='par_1_1' title="bbox 356 191 1105 264">
     <span class='ocr_line' id='line_1_1' title="bbox 356 191 1105 264; baseline 0.02 -16"><span class='ocrx_word' id='word_1_1' title='bbox 356 191 647 249; x_wconf 77' lang='lat' dir='ltr'><strong>ARGONAUTIOON</strong></span> <span class='ocrx_word' id='word_1_2' title='bbox 664 195 775 251; x_wconf 82' lang='lat' dir='ltr'>LIBER</span> <span class='ocrx_word' id='word_1_3' title='bbox 792 195 839 252; x_wconf 91' lang='lat' dir='ltr'>III.</span> <span class='ocrx_word' id='word_1_4' title='bbox 1059 199 1105 264; x_wconf 83' lang='lat'><strong>45</strong></span> 
     </span>
    </p>
   </div>
   <div class='ocr_carea' id='block_1_2' title="bbox 76 340 1104 3602">
    <p class='ocr_par' dir='ltr' id='par_1_2' title="bbox 84 340 1104 1925">
     <span class='ocr_line' id='line_1_2' title="bbox 86 340 1104 422; baseline 0.004 -17"><span class='ocrx_word' id='word_1_5' title='bbox 86 352 118 405; x_wconf 91' lang='lat' dir='ltr'><strong>et</strong></span> <span class='ocrx_word' id='word_1_6' title='bbox 140 350 215 403; x_wconf 88' lang='lat' dir='ltr'><strong>tunc</strong></span> <span class='ocrx_word' id='word_1_7' title='bbox 237 340 286 401; x_wconf 91' lang='lat' dir='ltr'><strong>ille</strong></span> <span class='ocrx_word' id='word_1_8' title='bbox 309 340 395 401; x_wconf 89' lang='lat' dir='ltr'><strong>iubas</strong></span> <span class='ocrx_word' id='word_1_9' title='bbox 417 344 594 422; x_wconf 89' lang='lat' dir='ltr'><strong>captiuaque</strong></span> <span class='ocrx_word' id='word_1_10' title='bbox 616 343 753 422; x_wconf 85' lang='lat' dir='ltr'><strong>postibus</strong></span> <span class='ocrx_word' id='word_1_11' title='bbox 776 362 828 404; x_wconf 89' lang='lat' dir='ltr'><strong>ora</strong></span> <span class='ocrx_word' id='word_1_12' title='bbox 1070 359 1104 409; x_wconf 78' lang='lat' dir='ltr'><strong>at</strong></span> 
     </span>
     <span class='ocr_line' id='line_1_3' title="bbox 85 429 884 512; baseline 0.001 -20"><span class='ocrx_word' id='word_1_13' title='bbox 85 432 234 512; x_wconf 83' lang='lat' dir='ltr'>inposuit,</span> <span class='ocrx_word' id='word_1_14' title='bbox 257 429 386 510; x_wconf 92' lang='lat' dir='ltr'><strong>spolium</strong></span> <span class='ocrx_word' id='word_1_15' title='bbox 408 430 511 491; x_wconf 82' lang='lat' dir='ltr'><strong>infelix</strong></span> <span class='ocrx_word' id='word_1_16' title='bbox 534 433 680 512; x_wconf 89' lang='lat' dir='ltr'><strong>diuaeque</strong></span> <span class='ocrx_word' id='word_1_17' title='bbox 703 433 884 512; x_wconf 88' lang='lat' dir='ltr'><strong>pudendum.</strong></span> 
     </span>
     <span class='ocr_line' id='line_1_4' title="bbox 85 517 1019 600; baseline 0.004 -20"><span class='ocrx_word' id='word_1_18' title='bbox 85 538 164 600; x_wconf 91' lang='lat' dir='ltr'><strong>quae</strong></span> <span class='ocrx_word' id='word_1_19' title='bbox 186 527 346 599; x_wconf 84' lang='lat' dir='ltr'><strong>postquam</strong></span> <span class='ocrx_word' id='word_1_20' title='bbox 368 517 558 582; x_wconf 82' lang='lat' dir='ltr'><strong>Haemoniam</strong></span> <span class='ocrx_word' id='word_1_21' title='bbox 582 528 681 582; x_wconf 88' lang='lat' dir='ltr'><strong>tantae</strong></span> <span class='ocrx_word' id='word_1_22' title='bbox 705 539 765 581; x_wconf 91' lang='lat' dir='ltr'><strong>non</strong></span> <span class='ocrx_word' id='word_1_23' title='bbox 787 523 935 583; x_wconf 89' lang='lat' dir='ltr'><strong>inmemor</strong></span> <span class='ocrx_word' id='word_1_24' title='bbox 956 524 1019 585; x_wconf 85' lang='lat' dir='ltr'><strong>irae</strong></span> 
     </span>
     <span class='ocr_line' id='line_1_5' title="bbox 85 608 866 689; baseline 0.003 -19"><span class='ocrx_word' id='word_1_25' title='bbox 85 609 225 670; x_wconf 85' lang='lat' dir='ltr'><strong>aerisono</strong></span> <span class='ocrx_word' id='word_1_26' title='bbox 248 608 285 668; x_wconf 92' lang='lat' dir='ltr'><strong>de</strong></span> <span class='ocrx_word' id='word_1_27' title='bbox 309 616 409 669; x_wconf 93' lang='lat' dir='ltr'><strong>monte</strong></span> <span class='ocrx_word' id='word_1_28' title='bbox 432 615 527 669; x_wconf 86' lang='lat' dir='ltr'><strong>ratem</strong></span> <span class='ocrx_word' id='word_1_29' title='bbox 548 609 737 689; x_wconf 68' lang='lat' dir='ltr'><strong>praefixaque</strong></span> <span class='ocrx_word' id='word_1_30' title='bbox 760 626 866 689; x_wconf 81' lang='lat' dir='ltr'><strong>regum</strong></span> 
     </span>
     <span class='ocr_line' id='line_1_6' title="bbox 85 696 1010 781; baseline 0.003 -23"><span class='ocrx_word' id='word_1_31' title='bbox 85 705 173 758; x_wconf 90' lang='lat' dir='ltr'><strong>scuta</strong></span> <span class='ocrx_word' id='word_1_32' title='bbox 195 696 292 777; x_wconf 82' lang='lat' dir='ltr'><strong>uidet,</strong></span> <span class='ocrx_word' id='word_1_33' title='bbox 315 715 394 756; x_wconf 91' lang='lat' dir='ltr'><strong>noua</strong></span> <span class='ocrx_word' id='word_1_34' title='bbox 415 704 550 757; x_wconf 88' lang='lat' dir='ltr'><strong>monstra</strong></span> <span class='ocrx_word' id='word_1_35' title='bbox 572 699 653 778; x_wconf 86' lang='lat' dir='ltr'><strong>uiro,</strong></span> <span class='ocrx_word' id='word_1_36' title='bbox 676 716 755 758; x_wconf 91' lang='lat' dir='ltr'><strong>noua</strong></span> <span class='ocrx_word' id='word_1_37' title='bbox 778 699 884 759; x_wconf 84' lang='lat' dir='ltr'><strong>lunera</strong></span> <span class='ocrx_word' id='word_1_38' title='bbox 907 698 1010 781; x_wconf 86' lang='lat' dir='ltr'><strong>uoluit,</strong></span> 
     </span>
     <span class='ocr_line' id='line_1_7' title="bbox 85 786 1104 866; baseline 0.004 -20"><span class='ocrx_word' id='word_1_39' title='bbox 85 793 120 846; x_wconf 89' lang='lat' dir='ltr'><strong>ut</strong></span> <span class='ocrx_word' id='word_1_40' title='bbox 145 786 240 845; x_wconf 91' lang='lat' dir='ltr'><strong>socias</strong></span> <span class='ocrx_word' id='word_1_41' title='bbox 263 786 295 844; x_wconf 93' lang='lat' dir='ltr'><strong>in</strong></span> <span class='ocrx_word' id='word_1_42' title='bbox 318 791 406 845; x_wconf 90' lang='lat' dir='ltr'><strong>nocte</strong></span> <span class='ocrx_word' id='word_1_43' title='bbox 429 802 535 847; x_wconf 87' lang='lat' dir='ltr'><strong>manus</strong></span> <span class='ocrx_word' id='word_1_44' title='bbox 557 792 651 864; x_wconf 88' lang='lat' dir='ltr'><strong>utque</strong></span> <span class='ocrx_word' id='word_1_45' title='bbox 674 788 764 866; x_wconf 90' lang='lat' dir='ltr'><strong>impia</strong></span> <span class='ocrx_word' id='word_1_46' title='bbox 787 786 864 848; x_wconf 90' lang='lat' dir='ltr'><strong>bella</strong></span> <span class='ocrx_word' id='word_1_47' title='bbox 1068 800 1104 852; x_wconf 83' lang='lat'><strong>30</strong></span> 
     </span>
     <span class='ocr_line' id='line_1_8' title="bbox 86 873 859 954; baseline 0.003 -21"><span class='ocrx_word' id='word_1_48' title='bbox 86 881 226 934; x_wconf 73' lang='lat' dir='ltr'><strong>conserat</strong></span> <span class='ocrx_word' id='word_1_49' title='bbox 248 881 279 934; x_wconf 88' lang='lat' dir='ltr'><strong>et</strong></span> <span class='ocrx_word' id='word_1_50' title='bbox 299 875 400 934; x_wconf 81' lang='lat' dir='ltr'><strong>saeuis</strong></span> <span class='ocrx_word' id='word_1_51' title='bbox 423 873 577 934; x_wconf 85' lang='lat' dir='ltr'><strong>erroribus</strong></span> <span class='ocrx_word' id='word_1_52' title='bbox 599 874 722 954; x_wconf 80' lang='lat' dir='ltr'>inplicet</span> <span class='ocrx_word' id='word_1_53' title='bbox 745 874 859 937; x_wconf 86' lang='lat' dir='ltr'><strong>urbem.</strong></span> 
     </span>
     <span class='ocr_line' id='line_1_9' title="bbox 86 961 924 1045; baseline 0.001 -23"><span class='ocrx_word' id='word_1_54' title='bbox 86 981 147 1022; x_wconf 83' lang='lat' dir='ltr'><strong>nox</strong></span> <span class='ocrx_word' id='word_1_55' title='bbox 171 969 234 1022; x_wconf 89' lang='lat' dir='ltr'><strong>erat</strong></span> <span class='ocrx_word' id='word_1_56' title='bbox 258 970 288 1023; x_wconf 90' lang='lat' dir='ltr'><strong>et</strong></span> <span class='ocrx_word' id='word_1_57' title='bbox 311 961 370 1022; x_wconf 88' lang='lat' dir='ltr'><strong>leni</strong></span> <span class='ocrx_word' id='word_1_58' title='bbox 391 961 539 1023; x_wconf 74' lang='lat' dir='ltr'><strong>canebant</strong></span> <span class='ocrx_word' id='word_1_59' title='bbox 561 981 691 1041; x_wconf 87' lang='lat' dir='ltr'><strong>aequora</strong></span> <span class='ocrx_word' id='word_1_60' title='bbox 713 963 806 1045; x_wconf 87' lang='lat' dir='ltr'><strong>sulco,</strong></span> <span class='ocrx_word' id='word_1_61' title='bbox 921 1008 924 1015; x_wconf 85' lang='lat'><em>.</em></span> 
     </span>
     <span class='ocr_line' id='line_1_10' title="bbox 86 1050 895 1130; baseline 0.002 -20"><span class='ocrx_word' id='word_1_62' title='bbox 86 1058 117 1110; x_wconf 86' lang='lat' dir='ltr'><strong>ct</strong></span> <span class='ocrx_word' id='word_1_63' title='bbox 140 1053 199 1111; x_wconf 92' lang='lat' dir='ltr'><strong>iam</strong></span> <span class='ocrx_word' id='word_1_64' title='bbox 221 1052 317 1130; x_wconf 89' lang='lat' dir='ltr'><strong>prima</strong></span> <span class='ocrx_word' id='word_1_65' title='bbox 339 1051 423 1110; x_wconf 90' lang='lat' dir='ltr'><strong>leues</strong></span> <span class='ocrx_word' id='word_1_66' title='bbox 446 1050 624 1129; x_wconf 81' lang='lat' dir='ltr'><strong>spargebant</strong></span> <span class='ocrx_word' id='word_1_67' title='bbox 647 1051 744 1111; x_wconf 86' lang='lat' dir='ltr'><strong>sidera</strong></span> <span class='ocrx_word' id='word_1_68' title='bbox 766 1070 895 1113; x_wconf 87' lang='lat' dir='ltr'><strong>somnos.</strong></span> 
     </span>
     <span class='ocr_line' id='line_1_11' title="bbox 87 1137 918 1218; baseline 0.005 -20"><span class='ocrx_word' id='word_1_69' title='bbox 87 1156 162 1199; x_wconf 89' lang='lat' dir='ltr'><strong>aura</strong></span> <span class='ocrx_word' id='word_1_70' title='bbox 184 1138 281 1218; x_wconf 81' lang='lat' dir='ltr'><strong>uehit3</strong></span> <span class='ocrx_word' id='word_1_71' title='bbox 305 1137 432 1217; x_wconf 80' lang='lat' dir='ltr'><strong>religant</strong></span> <span class='ocrx_word' id='word_1_72' title='bbox 454 1146 555 1200; x_wconf 87' lang='lat' dir='ltr'><strong>tonsas</strong></span> <span class='ocrx_word' id='word_1_73' title='bbox 578 1139 705 1218; x_wconf 91' lang='lat' dir='ltr'><strong>ueloque</strong></span> <span class='ocrx_word' id='word_1_74' title='bbox 729 1139 918 1202; x_wconf 86' lang='lat' dir='ltr'><strong>Procnesson</strong></span> 
     </span>
     <span class='ocr_line' id='line_1_12' title="bbox 87 1226 882 1310; baseline 0.003 -23"><span class='ocrx_word' id='word_1_75' title='bbox 87 1235 118 1287; x_wconf 91' lang='lat' dir='ltr'><strong>et</strong></span> <span class='ocrx_word' id='word_1_76' title='bbox 141 1235 171 1288; x_wconf 92' lang='lat' dir='ltr'><strong>te</strong></span> <span class='ocrx_word' id='word_1_77' title='bbox 194 1229 253 1286; x_wconf 91' lang='lat' dir='ltr'><strong>iam</strong></span> <span class='ocrx_word' id='word_1_78' title='bbox 275 1227 374 1288; x_wconf 88' lang='lat' dir='ltr'><strong>medio</strong></span> <span class='ocrx_word' id='word_1_79' title='bbox 397 1226 570 1308; x_wconf 74' lang='lat' dir='ltr'><strong>dmentem,</strong></span> <span class='ocrx_word' id='word_1_80' title='bbox 593 1227 768 1310; x_wconf 85' lang='lat' dir='ltr'><strong>Rhundace,</strong></span> <span class='ocrx_word' id='word_1_81' title='bbox 791 1237 882 1308; x_wconf 92' lang='lat' dir='ltr'><strong>ponto</strong></span> 
     </span>
     <span class='ocr_line' id='line_1_13' title="bbox 85 1315 920 1395; baseline 0.005 -20"><span class='ocrx_word' id='word_1_82' title='bbox 85 1333 321 1394; x_wconf 86' lang='lat' dir='ltr'><strong>spumosumque</strong></span> <span class='ocrx_word' id='word_1_83' title='bbox 344 1315 447 1394; x_wconf 87' lang='lat' dir='ltr'><strong>legunt</strong></span> <span class='ocrx_word' id='word_1_84' title='bbox 470 1316 564 1376; x_wconf 78' lang='lat' dir='ltr'><strong>fracta</strong></span> <span class='ocrx_word' id='word_1_85' title='bbox 588 1316 748 1395; x_wconf 79' lang='lat' dir='ltr'><strong>Scylaceon</strong></span> <span class='ocrx_word' id='word_1_86' title='bbox 773 1317 809 1378; x_wconf 89' lang='lat' dir='ltr'><strong>ab</strong></span> <span class='ocrx_word' id='word_1_87' title='bbox 832 1318 920 1379; x_wconf 88' lang='lat' dir='ltr'><strong>unda.</strong></span> 
     </span>
     <span class='ocr_line' id='line_1_14' title="bbox 84 1402 784 1484; baseline 0.004 -21"><span class='ocrx_word' id='word_1_88' title='bbox 84 1404 150 1482; x_wconf 92' lang='lat' dir='ltr'><strong>ipse</strong></span> <span class='ocrx_word' id='word_1_89' title='bbox 174 1403 253 1464; x_wconf 90' lang='lat' dir='ltr'><strong>diem</strong></span> <span class='ocrx_word' id='word_1_90' title='bbox 276 1402 363 1482; x_wconf 91' lang='lat' dir='ltr'><strong>longe</strong></span> <span class='ocrx_word' id='word_1_91' title='bbox 387 1403 517 1483; x_wconf 90' lang='lat' dir='ltr'><strong>solisque</strong></span> <span class='ocrx_word' id='word_1_92' title='bbox 542 1404 650 1465; x_wconf 86' lang='lat' dir='ltr'><strong>cubilia</strong></span> <span class='ocrx_word' id='word_1_93' title='bbox 673 1405 784 1484; x_wconf 79' lang='lat' dir='ltr'><strong>Tiphys</strong></span> 
     </span>
     <span class='ocr_line' id='line_1_15' title="bbox 86 1491 907 1572; baseline 0.002 -20"><span class='ocrx_word' id='word_1_94' title='bbox 86 1491 231 1572; x_wconf 84' lang='lat' dir='ltr'><strong>consulit,</strong></span> <span class='ocrx_word' id='word_1_95' title='bbox 252 1493 317 1571; x_wconf 93' lang='lat' dir='ltr'><strong>ipse</strong></span> <span class='ocrx_word' id='word_1_96' title='bbox 340 1500 434 1555; x_wconf 86' lang='lat' dir='ltr'><strong>ratem</strong></span> <span class='ocrx_word' id='word_1_97' title='bbox 458 1500 549 1554; x_wconf 88' lang='lat' dir='ltr'><strong>uento</strong></span> <span class='ocrx_word' id='word_1_98' title='bbox 573 1493 726 1572; x_wconf 88' lang='lat' dir='ltr'><strong>stellisque</strong></span> <span class='ocrx_word' id='word_1_99' title='bbox 750 1495 907 1554; x_wconf 86' lang='lat' dir='ltr'><strong>ministrat.</strong></span> 
     </span>
     <span class='ocr_line' id='line_1_16' title="bbox 86 1579 874 1661; baseline 0.001 -21"><span class='ocrx_word' id='word_1_100' title='bbox 86 1588 116 1640; x_wconf 91' lang='lat' dir='ltr'><strong>at</strong></span> <span class='ocrx_word' id='word_1_101' title='bbox 139 1582 192 1659; x_wconf 87' lang='lat' dir='ltr'><strong>qui</strong></span> <span class='ocrx_word' id='word_1_102' title='bbox 214 1579 298 1641; x_wconf 87' lang='lat' dir='ltr'><strong>illum</strong></span> <span class='ocrx_word' id='word_1_103' title='bbox 321 1598 381 1640; x_wconf 93' lang='lat' dir='ltr'><strong>non</strong></span> <span class='ocrx_word' id='word_1_104' title='bbox 405 1588 472 1642; x_wconf 89' lang='lat' dir='ltr'><strong>ante</strong></span> <span class='ocrx_word' id='word_1_105' title='bbox 497 1600 586 1661; x_wconf 87' lang='lat' dir='ltr'><strong>sopor</strong></span> <span class='ocrx_word' id='word_1_106' title='bbox 609 1582 768 1642; x_wconf 88' lang='lat' dir='ltr'><strong>luctamine</strong></span> <span class='ocrx_word' id='word_1_107' title='bbox 793 1589 874 1642; x_wconf 86' lang='lat' dir='ltr'><strong>tanto</strong></span> 
     </span>
     <span class='ocr_line' id='line_1_17' title="bbox 85 1667 892 1750; baseline 0.001 -22"><span class='ocrx_word' id='word_1_108' title='bbox 85 1667 159 1729; x_wconf 91' lang='lat' dir='ltr'><strong>lenit</strong></span> <span class='ocrx_word' id='word_1_109' title='bbox 182 1686 273 1747; x_wconf 87' lang='lat' dir='ltr'><strong>agens</strong></span> <span class='ocrx_word' id='word_1_110' title='bbox 295 1669 399 1729; x_wconf 89' lang='lat' dir='ltr'><strong>diuum</strong></span> <span class='ocrx_word' id='word_1_111' title='bbox 422 1671 568 1750; x_wconf 89' lang='lat' dir='ltr'><strong>imperiis;</strong></span> <span class='ocrx_word' id='word_1_112' title='bbox 592 1670 670 1730; x_wconf 90' lang='lat' dir='ltr'><strong>cadit</strong></span> <span class='ocrx_word' id='word_1_113' title='bbox 692 1671 785 1729; x_wconf 89' lang='lat' dir='ltr'><strong>inscia</strong></span> <span class='ocrx_word' id='word_1_114' title='bbox 808 1670 892 1729; x_wconf 90' lang='lat' dir='ltr'><strong>clauo</strong></span> 
     </span>
     <span class='ocr_line' id='line_1_18' title="bbox 84 1756 866 1839; baseline 0.001 -23"><span class='ocrx_word' id='word_1_115' title='bbox 84 1756 208 1817; x_wconf 83' lang='lat' dir='ltr'><strong>dextera</strong></span> <span class='ocrx_word' id='word_1_116' title='bbox 232 1756 419 1836; x_wconf 88' lang='lat' dir='ltr'><strong>demittitque</strong></span> <span class='ocrx_word' id='word_1_117' title='bbox 443 1757 559 1839; x_wconf 84' lang='lat' dir='ltr'><strong>oculos,</strong></span> <span class='ocrx_word' id='word_1_118' title='bbox 583 1759 734 1837; x_wconf 90' lang='lat' dir='ltr'><strong>solataque</strong></span> <span class='ocrx_word' id='word_1_119' title='bbox 757 1759 866 1838; x_wconf 90' lang='lat' dir='ltr'><strong>puppis</strong></span> 
     </span>
     <span class='ocr_line' id='line_1_19' title="bbox 85 1844 855 1925; baseline 0.001 -20"><span class='ocrx_word' id='word_1_120' title='bbox 85 1845 207 1906; x_wconf 89' lang='lat' dir='ltr'><strong>turbine</strong></span> <span class='ocrx_word' id='word_1_121' title='bbox 230 1844 324 1906; x_wconf 87' lang='lat' dir='ltr'><strong>flectit</strong></span> <span class='ocrx_word' id='word_1_122' title='bbox 345 1847 404 1905; x_wconf 91' lang='lat' dir='ltr'><strong>iter</strong></span> <span class='ocrx_word' id='word_1_123' title='bbox 425 1854 575 1925; x_wconf 84' lang='lat' dir='ltr'><strong>portuque</strong></span> <span class='ocrx_word' id='word_1_124' title='bbox 598 1847 729 1908; x_wconf 82' lang='lat' dir='ltr'><strong>refertur</strong></span> <span class='ocrx_word' id='word_1_125' title='bbox 753 1848 855 1907; x_wconf 90' lang='lat' dir='ltr'><strong>amico.</strong></span> 
     </span>
    </p>

    <p class='ocr_par' dir='ltr' id='par_1_3' title="bbox 78 1931 998 3250">
     <span class='ocr_line' id='line_1_20' title="bbox 130 1931 881 2014; baseline 0 -21"><span class='ocrx_word' id='word_1_126' title='bbox 130 1931 170 1993; x_wconf 88' lang='lat' dir='ltr'><strong>Ut</strong></span> <span class='ocrx_word' id='word_1_127' title='bbox 193 1935 273 1993; x_wconf 88' lang='lat' dir='ltr'><strong>notis</strong></span> <span class='ocrx_word' id='word_1_128' title='bbox 296 1933 414 2013; x_wconf 83' lang='lat' dir='ltr'><strong>adlapsa</strong></span> <span class='ocrx_word' id='word_1_129' title='bbox 435 1935 534 2014; x_wconf 81' lang='lat' dir='ltr'><strong>uadis,</strong></span> <span class='ocrx_word' id='word_1_130' title='bbox 558 1935 628 1995; x_wconf 89' lang='lat' dir='ltr'><strong>dant</strong></span> <span class='ocrx_word' id='word_1_131' title='bbox 651 1934 770 1995; x_wconf 89' lang='lat' dir='ltr'><strong>aethere</strong></span> <span class='ocrx_word' id='word_1_132' title='bbox 794 1933 881 2014; x_wconf 90' lang='lat' dir='ltr'><strong>longo</strong></span> 
     </span>
     <span class='ocr_line' id='line_1_21' title="bbox 83 2019 844 2103; baseline 0.001 -22"><span class='ocrx_word' id='word_1_133' title='bbox 83 2023 170 2100; x_wconf 90' lang='lat' dir='ltr'><strong>signa</strong></span> <span class='ocrx_word' id='word_1_134' title='bbox 193 2019 296 2103; x_wconf 79' lang='lat' dir='ltr'><strong>nubae,</strong></span> <span class='ocrx_word' id='word_1_135' title='bbox 318 2040 378 2083; x_wconf 83' lang='lat' dir='ltr'><strong>uox</strong></span> <span class='ocrx_word' id='word_1_136' title='bbox 402 2031 431 2082; x_wconf 91' lang='lat' dir='ltr'><strong>et</strong></span> <span class='ocrx_word' id='word_1_137' title='bbox 454 2023 558 2083; x_wconf 87' lang='lat' dir='ltr'><strong>mediis</strong></span> <span class='ocrx_word' id='word_1_138' title='bbox 582 2025 689 2083; x_wconf 91' lang='lat' dir='ltr'><strong>emissa</strong></span> <span class='ocrx_word' id='word_1_139' title='bbox 711 2021 844 2083; x_wconf 88' lang='lat' dir='ltr'><strong>tenebris</strong></span> 
     </span>
     <span class='ocr_line' id='line_1_22' title="bbox 84 2104 847 2190; baseline 0.003 -22"><span class='ocrx_word' id='word_1_140' title='bbox 84 2104 194 2170; x_wconf 77' lang='lat' dir='ltr'><strong>‘hostis</strong></span> <span class='ocrx_word' id='word_1_141' title='bbox 216 2109 306 2170; x_wconf 79' lang='lat' dir='ltr'><strong>habet</strong></span> <span class='ocrx_word' id='word_1_142' title='bbox 326 2117 446 2190; x_wconf 86' lang='lat' dir='ltr'><strong>portus,</strong></span> <span class='ocrx_word' id='word_1_143' title='bbox 470 2111 548 2171; x_wconf 90' lang='lat' dir='ltr'><strong>soliti</strong></span> <span class='ocrx_word' id='word_1_144' title='bbox 570 2111 687 2171; x_wconf 88' lang='lat' dir='ltr'><strong>rediere</strong></span> <span class='ocrx_word' id='word_1_145' title='bbox 711 2105 847 2189; x_wconf 83' lang='lat' dir='ltr'><strong>Pelasgi&#39;</strong></span> 
     </span>
     <span class='ocr_line' id='line_1_23' title="bbox 82 2197 940 2280; baseline 0 -22"><span class='ocrx_word' id='word_1_146' title='bbox 82 2206 174 2277; x_wconf 88' lang='lat' dir='ltr'><strong>rupta</strong></span> <span class='ocrx_word' id='word_1_147' title='bbox 197 2199 295 2278; x_wconf 83' lang='lat' dir='ltr'><strong>quies3</strong></span> <span class='ocrx_word' id='word_1_148' title='bbox 320 2198 394 2259; x_wconf 91' lang='lat' dir='ltr'><strong>deus</strong></span> <span class='ocrx_word' id='word_1_149' title='bbox 417 2201 576 2279; x_wconf 86' lang='lat' dir='ltr'><strong>ancipitem</strong></span> <span class='ocrx_word' id='word_1_150' title='bbox 598 2199 802 2278; x_wconf 87' lang='lat' dir='ltr'><strong>lymphauerat</strong></span> <span class='ocrx_word' id='word_1_151' title='bbox 825 2197 940 2280; x_wconf 82' lang='lat' dir='ltr'><strong>urbem,</strong></span> 
     </span>
     <span class='ocr_line' id='line_1_24' title="bbox 81 2284 900 2368; baseline 0.001 -23"><span class='ocrx_word' id='word_1_152' title='bbox 81 2284 258 2365; x_wconf 76' lang='lat' dir='ltr'><strong>Mygdoniae</strong></span> <span class='ocrx_word' id='word_1_153' title='bbox 281 2286 344 2347; x_wconf 91' lang='lat' dir='ltr'><strong>Pan</strong></span> <span class='ocrx_word' id='word_1_154' title='bbox 366 2289 447 2347; x_wconf 91' lang='lat' dir='ltr'><strong>iussa</strong></span> <span class='ocrx_word' id='word_1_155' title='bbox 470 2288 571 2348; x_wconf 83' lang='lat' dir='ltr'><strong>serens</strong></span> <span class='ocrx_word' id='word_1_156' title='bbox 594 2290 765 2349; x_wconf 90' lang='lat' dir='ltr'><strong>saeuissima</strong></span> <span class='ocrx_word' id='word_1_157' title='bbox 789 2289 900 2368; x_wconf 79' lang='lat' dir='ltr'><strong>matriS,</strong></span> 
     </span>
     <span class='ocr_line' id='line_1_25' title="bbox 81 2373 998 2457; baseline 0.004 -23"><span class='ocrx_word' id='word_1_158' title='bbox 81 2373 149 2440; x_wconf 77' lang='lat' dir='ltr'><strong>Pan</strong></span> <span class='ocrx_word' id='word_1_159' title='bbox 171 2392 326 2435; x_wconf 89' lang='lat' dir='ltr'><strong>nemorum</strong></span> <span class='ocrx_word' id='word_1_160' title='bbox 350 2374 478 2454; x_wconf 87' lang='lat' dir='ltr'><strong>bellique</strong></span> <span class='ocrx_word' id='word_1_161' title='bbox 501 2384 622 2457; x_wconf 90' lang='lat' dir='ltr'><strong>potens,</strong></span> <span class='ocrx_word' id='word_1_162' title='bbox 647 2393 735 2454; x_wconf 90' lang='lat' dir='ltr'><strong>quem</strong></span> <span class='ocrx_word' id='word_1_163' title='bbox 758 2375 832 2436; x_wconf 89' lang='lat' dir='ltr'><strong>lucis</strong></span> <span class='ocrx_word' id='word_1_164' title='bbox 856 2375 892 2435; x_wconf 89' lang='lat' dir='ltr'><strong>ad</strong></span> <span class='ocrx_word' id='word_1_165' title='bbox 910 2375 998 2438; x_wconf 84' lang='lat' dir='ltr'><strong>horas</strong></span> 
     </span>
     <span class='ocr_line' id='line_1_26' title="bbox 81 2462 922 2544; baseline 0.004 -22"><span class='ocrx_word' id='word_1_166' title='bbox 81 2468 171 2523; x_wconf 87' lang='lat' dir='ltr'><strong>antra</strong></span> <span class='ocrx_word' id='word_1_167' title='bbox 194 2469 311 2544; x_wconf 77' lang='lat' dir='ltr'><strong>tenent3</strong></span> <span class='ocrx_word' id='word_1_168' title='bbox 333 2462 407 2524; x_wconf 88' lang='lat' dir='ltr'><strong>latet</strong></span> <span class='ocrx_word' id='word_1_169' title='bbox 429 2464 464 2525; x_wconf 92' lang='lat' dir='ltr'><strong>ad</strong></span> <span class='ocrx_word' id='word_1_170' title='bbox 487 2465 600 2524; x_wconf 90' lang='lat' dir='ltr'><strong>medias</strong></span> <span class='ocrx_word' id='word_1_171' title='bbox 622 2483 676 2543; x_wconf 86' lang='lat' dir='ltr'><strong>per</strong></span> <span class='ocrx_word' id='word_1_172' title='bbox 700 2465 786 2525; x_wconf 89' lang='lat' dir='ltr'><strong>deuia</strong></span> <span class='ocrx_word' id='word_1_173' title='bbox 810 2471 922 2525; x_wconf 86' lang='lat' dir='ltr'><strong>noctes.</strong></span> 
     </span>
     <span class='ocr_line' id='line_1_27' title="bbox 82 2551 900 2629; baseline 0.004 -19"><span class='ocrx_word' id='word_1_174' title='bbox 82 2551 267 2629; x_wconf 84' lang='lat' dir='ltr'><strong>saetigerum</strong></span> <span class='ocrx_word' id='word_1_175' title='bbox 289 2551 366 2612; x_wconf 88' lang='lat' dir='ltr'><strong>latus</strong></span> <span class='ocrx_word' id='word_1_176' title='bbox 390 2558 420 2612; x_wconf 89' lang='lat' dir='ltr'><strong>et</strong></span> <span class='ocrx_word' id='word_1_177' title='bbox 441 2560 546 2614; x_wconf 90' lang='lat' dir='ltr'><strong>toruae</strong></span> <span class='ocrx_word' id='word_1_178' title='bbox 570 2570 653 2614; x_wconf 90' lang='lat' dir='ltr'><strong>coma</strong></span> <span class='ocrx_word' id='word_1_179' title='bbox 676 2553 761 2614; x_wconf 90' lang='lat' dir='ltr'><strong>sibila</strong></span> <span class='ocrx_word' id='word_1_180' title='bbox 784 2554 900 2614; x_wconf 89' lang='lat' dir='ltr'><strong>lrontis.</strong></span> 
     </span>
     <span class='ocr_line' id='line_1_28' title="bbox 80 2641 961 2723; baseline 0.006 -24"><span class='ocrx_word' id='word_1_181' title='bbox 80 2656 145 2699; x_wconf 83' lang='lat' dir='ltr'><strong>uox</strong></span> <span class='ocrx_word' id='word_1_182' title='bbox 168 2657 272 2700; x_wconf 88' lang='lat' dir='ltr'><strong>omnes</strong></span> <span class='ocrx_word' id='word_1_183' title='bbox 295 2657 385 2718; x_wconf 86' lang='lat' dir='ltr'><strong>super</strong></span> <span class='ocrx_word' id='word_1_184' title='bbox 408 2659 467 2701; x_wconf 89' lang='lat' dir='ltr'><strong>una</strong></span> <span class='ocrx_word' id='word_1_185' title='bbox 490 2641 590 2721; x_wconf 82' lang='lat' dir='ltr'><strong>tubas,</strong></span> <span class='ocrx_word' id='word_1_186' title='bbox 613 2660 671 2721; x_wconf 88' lang='lat' dir='ltr'><strong>qua</strong></span> <span class='ocrx_word' id='word_1_187' title='bbox 695 2660 788 2703; x_wconf 87' lang='lat' dir='ltr'><strong>conus</strong></span> <span class='ocrx_word' id='word_1_188' title='bbox 812 2649 842 2702; x_wconf 91' lang='lat' dir='ltr'><strong>et</strong></span> <span class='ocrx_word' id='word_1_189' title='bbox 865 2660 961 2723; x_wconf 87' lang='lat' dir='ltr'><strong>enses,</strong></span> 
     </span>
     <span class='ocr_line' id='line_1_29' title="bbox 81 2727 861 2809; baseline 0.001 -22"><span class='ocrx_word' id='word_1_190' title='bbox 81 2745 145 2806; x_wconf 91' lang='lat' dir='ltr'><strong>qua</strong></span> <span class='ocrx_word' id='word_1_191' title='bbox 167 2727 292 2806; x_wconf 85' lang='lat' dir='ltr'><strong>trepidis</strong></span> <span class='ocrx_word' id='word_1_192' title='bbox 314 2730 417 2807; x_wconf 88' lang='lat' dir='ltr'><strong>auriga</strong></span> <span class='ocrx_word' id='word_1_193' title='bbox 439 2731 513 2789; x_wconf 88' lang='lat' dir='ltr'><strong>rotis</strong></span> <span class='ocrx_word' id='word_1_194' title='bbox 537 2737 742 2809; x_wconf 88' lang='lat' dir='ltr'><strong>nocturnaque</strong></span> <span class='ocrx_word' id='word_1_195' title='bbox 766 2732 861 2791; x_wconf 91' lang='lat' dir='ltr'><strong>muris</strong></span> 
     </span>
     <span class='ocr_line' id='line_1_30' title="bbox 79 2814 962 2897; baseline 0.003 -21"><span class='ocrx_word' id='word_1_196' title='bbox 79 2814 213 2876; x_wconf 85' lang='lat' dir='ltr'><strong>claustra</strong></span> <span class='ocrx_word' id='word_1_197' title='bbox 238 2816 359 2897; x_wconf 81' lang='lat' dir='ltr'><strong>cadunt3</strong></span> <span class='ocrx_word' id='word_1_198' title='bbox 382 2816 516 2897; x_wconf 89' lang='lat' dir='ltr'><strong>talesque</strong></span> <span class='ocrx_word' id='word_1_199' title='bbox 538 2826 637 2880; x_wconf 89' lang='lat' dir='ltr'><strong>metus</strong></span> <span class='ocrx_word' id='word_1_200' title='bbox 660 2837 720 2879; x_wconf 92' lang='lat' dir='ltr'><strong>non</strong></span> <span class='ocrx_word' id='word_1_201' title='bbox 743 2819 847 2878; x_wconf 90' lang='lat' dir='ltr'><strong>Martia</strong></span> <span class='ocrx_word' id='word_1_202' title='bbox 870 2820 962 2879; x_wconf 89' lang='lat' dir='ltr'><strong>cassis</strong></span> 
     </span>
     <span class='ocr_line' id='line_1_31' title="bbox 79 2900 988 2987; baseline 0.001 -24"><span class='ocrx_word' id='word_1_203' title='bbox 79 2900 343 2983; x_wconf 87' lang='lat' dir='ltr'><strong>Eumenidumque</strong></span> <span class='ocrx_word' id='word_1_204' title='bbox 360 2923 481 2987; x_wconf 84' lang='lat' dir='ltr'><strong>comae,</strong></span> <span class='ocrx_word' id='word_1_205' title='bbox 503 2924 564 2966; x_wconf 91' lang='lat' dir='ltr'><strong>non</strong></span> <span class='ocrx_word' id='word_1_206' title='bbox 586 2909 682 2969; x_wconf 87' lang='lat' dir='ltr'><strong>tristis</strong></span> <span class='ocrx_word' id='word_1_207' title='bbox 705 2906 741 2967; x_wconf 90' lang='lat' dir='ltr'><strong>ab</strong></span> <span class='ocrx_word' id='word_1_208' title='bbox 765 2905 866 2984; x_wconf 82' lang='lat' dir='ltr'><strong>aegide</strong></span> <span class='ocrx_word' id='word_1_209' title='bbox 890 2905 988 2984; x_wconf 86' lang='lat' dir='ltr'><strong>Gorgo</strong></span> 
     </span>
     <span class='ocr_line' id='line_1_32' title="bbox 78 2993 869 3073; baseline -0.001 -21"><span class='ocrx_word' id='word_1_210' title='bbox 78 2994 228 3071; x_wconf 89' lang='lat' dir='ltr'><strong>sparserit</strong></span> <span class='ocrx_word' id='word_1_211' title='bbox 251 2999 302 3053; x_wconf 92' lang='lat' dir='ltr'><strong>aut</strong></span> <span class='ocrx_word' id='word_1_212' title='bbox 325 2995 423 3054; x_wconf 89' lang='lat' dir='ltr'><strong>tacitis</strong></span> <span class='ocrx_word' id='word_1_213' title='bbox 444 2996 538 3055; x_wconf 89' lang='lat' dir='ltr'><strong>aciem</strong></span> <span class='ocrx_word' id='word_1_214' title='bbox 560 2997 724 3073; x_wconf 88' lang='lat' dir='ltr'><strong>raptauerit</strong></span> <span class='ocrx_word' id='word_1_215' title='bbox 746 2993 869 3054; x_wconf 81' lang='lat' dir='ltr'><strong>umbris,</strong></span> 
     </span>
     <span class='ocr_line' id='line_1_33' title="bbox 79 3078 894 3162; baseline 0.002 -23"><span class='ocrx_word' id='word_1_216' title='bbox 79 3078 172 3140; x_wconf 91' lang='lat' dir='ltr'><strong>ludus</strong></span> <span class='ocrx_word' id='word_1_217' title='bbox 196 3087 226 3140; x_wconf 88' lang='lat' dir='ltr'><strong>et</strong></span> <span class='ocrx_word' id='word_1_218' title='bbox 248 3079 298 3141; x_wconf 90' lang='lat' dir='ltr'><strong>illa</strong></span> <span class='ocrx_word' id='word_1_219' title='bbox 320 3081 391 3161; x_wconf 89' lang='lat' dir='ltr'><strong>dec,</strong></span> <span class='ocrx_word' id='word_1_220' title='bbox 414 3083 556 3161; x_wconf 92' lang='lat' dir='ltr'><strong>pauidum</strong></span> <span class='ocrx_word' id='word_1_221' title='bbox 578 3081 773 3162; x_wconf 89' lang='lat' dir='ltr'><strong>praesepibus</strong></span> <span class='ocrx_word' id='word_1_222' title='bbox 796 3081 894 3141; x_wconf 89' lang='lat' dir='ltr'><strong>aulert</strong></span> 
     </span>
     <span class='ocr_line' id='line_1_34' title="bbox 78 3169 918 3250; baseline -0.001 -22"><span class='ocrx_word' id='word_1_223' title='bbox 78 3186 153 3229; x_wconf 91' lang='lat' dir='ltr'><strong>eum</strong></span> <span class='ocrx_word' id='word_1_224' title='bbox 175 3186 268 3247; x_wconf 88' lang='lat' dir='ltr'><strong>pecus</strong></span> <span class='ocrx_word' id='word_1_225' title='bbox 291 3176 322 3229; x_wconf 91' lang='lat' dir='ltr'><strong>et</strong></span> <span class='ocrx_word' id='word_1_226' title='bbox 344 3170 463 3250; x_wconf 78' lang='lat' dir='ltr'><strong>profutgi</strong></span> <span class='ocrx_word' id='word_1_227' title='bbox 486 3179 624 3232; x_wconf 85' lang='lat' dir='ltr'><strong>sternunt</strong></span> <span class='ocrx_word' id='word_1_228' title='bbox 647 3171 766 3231; x_wconf 90' lang='lat' dir='ltr'><strong>dumeta</strong></span> <span class='ocrx_word' id='word_1_229' title='bbox 788 3169 918 3230; x_wconf 88' lang='lat' dir='ltr'><strong>iuuenci.</strong></span> 
     </span>
    </p>

    <p class='ocr_par' dir='ltr' id='par_1_4' title="bbox 76 3255 913 3602">
     <span class='ocr_line' id='line_1_35' title="bbox 127 3255 836 3338; baseline 0.003 -22"><span class='ocrx_word' id='word_1_230' title='bbox 127 3255 211 3317; x_wconf 82' lang='lat' dir='ltr'><strong>ilicet</strong></span> <span class='ocrx_word' id='word_1_231' title='bbox 233 3256 271 3317; x_wconf 91' lang='lat' dir='ltr'><strong>ad</strong></span> <span class='ocrx_word' id='word_1_232' title='bbox 293 3275 396 3338; x_wconf 87' lang='lat' dir='ltr'><strong>regem</strong></span> <span class='ocrx_word' id='word_1_233' title='bbox 419 3258 529 3319; x_wconf 89' lang='lat' dir='ltr'><strong>clamor</strong></span> <span class='ocrx_word' id='word_1_234' title='bbox 552 3262 620 3320; x_wconf 90' lang='lat' dir='ltr'><strong>ruit.</strong></span> <span class='ocrx_word' id='word_1_235' title='bbox 667 3259 748 3319; x_wconf 83' lang='lat' dir='ltr'><strong>exilit</strong></span> <span class='ocrx_word' id='word_1_236' title='bbox 771 3258 836 3319; x_wconf 89' lang='lat' dir='ltr'><strong>altis</strong></span> 
     </span>
     <span class='ocr_line' id='line_1_36' title="bbox 78 3346 913 3426; baseline 0 -22"><span class='ocrx_word' id='word_1_237' title='bbox 78 3346 197 3406; x_wconf 89' lang='lat' dir='ltr'><strong>somnia</strong></span> <span class='ocrx_word' id='word_1_238' title='bbox 220 3346 285 3406; x_wconf 91' lang='lat' dir='ltr'><strong>dira</strong></span> <span class='ocrx_word' id='word_1_239' title='bbox 308 3348 382 3406; x_wconf 90' lang='lat' dir='ltr'><strong>toris</strong></span> <span class='ocrx_word' id='word_1_240' title='bbox 405 3347 621 3426; x_wconf 89' lang='lat' dir='ltr'><strong>simulacraque</strong></span> <span class='ocrx_word' id='word_1_241' title='bbox 645 3347 752 3426; x_wconf 87' lang='lat' dir='ltr'><strong>pallida</strong></span> <span class='ocrx_word' id='word_1_242' title='bbox 774 3346 913 3425; x_wconf 89' lang='lat' dir='ltr'><strong>linquens</strong></span> 
     </span>
     <span class='ocr_line' id='line_1_37' title="bbox 77 3431 878 3515; baseline 0.002 -23"><span class='ocrx_word' id='word_1_243' title='bbox 77 3431 214 3511; x_wconf 78' lang='lat' dir='ltr'><strong>Cyzicus.</strong></span> <span class='ocrx_word' id='word_1_244' title='bbox 262 3451 332 3494; x_wconf 89' lang='lat' dir='ltr'><strong>ecce</strong></span> <span class='ocrx_word' id='word_1_245' title='bbox 357 3453 448 3515; x_wconf 89' lang='lat' dir='ltr'><strong>super</strong></span> <span class='ocrx_word' id='word_1_246' title='bbox 472 3435 586 3496; x_wconf 85' lang='lat' dir='ltr'><strong>loribus</strong></span> <span class='ocrx_word' id='word_1_247' title='bbox 608 3435 729 3495; x_wconf 90' lang='lat' dir='ltr'><strong>Bellona</strong></span> <span class='ocrx_word' id='word_1_248' title='bbox 752 3434 878 3495; x_wconf 89' lang='lat' dir='ltr'><strong>reclusis</strong></span> 
     </span>
     <span class='ocr_line' id='line_1_38' title="bbox 76 3521 884 3602; baseline 0.001 -22"><span class='ocrx_word' id='word_1_249' title='bbox 76 3521 160 3583; x_wconf 90' lang='lat' dir='ltr'><strong>nuda</strong></span> <span class='ocrx_word' id='word_1_250' title='bbox 182 3522 262 3584; x_wconf 90' lang='lat' dir='ltr'><strong>latus</strong></span> <span class='ocrx_word' id='word_1_251' title='bbox 284 3539 434 3602; x_wconf 84' lang='lat' dir='ltr'><strong>passuque</strong></span> <span class='ocrx_word' id='word_1_252' title='bbox 457 3542 582 3584; x_wconf 92' lang='lat' dir='ltr'><strong>mouens</strong></span> <span class='ocrx_word' id='word_1_253' title='bbox 605 3523 751 3584; x_wconf 89' lang='lat' dir='ltr'><strong>orichalca</strong></span> <span class='ocrx_word' id='word_1_254' title='bbox 776 3540 884 3584; x_wconf 90' lang='lat' dir='ltr'><strong>sonoro</strong></span> 
     </span>
    </p>
   </div>
   <div class='ocr_carea' id='block_1_3' title="bbox 0 0 1186 3938">
    <p class='ocr_par' dir='ltr' id='par_1_5' title="bbox 0 0 1186 3938">
     <span class='ocr_line' id='line_1_39' title="bbox 0 0 1186 3938; baseline 0 2"><span class='ocrx_word' id='word_1_255' title='bbox 0 0 1186 3938; x_wconf 95' lang='lat' dir='ltr'><strong> </strong></span> 
     </span>
    </p>
   </div>
  </div>
 </body>
</html>
