2362 3938
114 162 158 229 98
459 158 490 215 C.
508 157 647 215 vanam
663 156 793 213 rasum

116 322 146 374 at
169 313 238 390 iuga
260 312 312 371 uix
335 308 446 388 Tethys
469 325 665 389 sparsumque
689 307 836 386 recolligit
859 325 944 368 axem

115 410 146 464 et
168 398 378 460 formidantem
401 399 513 476 patrios
536 395 685 476 Pyroenta
707 395 834 457 dolores.
935 415 938 419 ’

115 505 206 551 aurea
228 489 301 566 quin
324 488 414 547 etiam
436 503 578 565 praesaga
599 483 744 546 Mulciber
767 493 831 545 arte

114 577 228 641 uellera
250 583 457 654 uenturosque
481 573 551 637 olim
573 573 702 634 caelarat
723 573 861 635 Achiuos.

115 669 229 728 texitur
252 664 348 744 Argoa
370 666 459 743 plnus
482 662 629 741 Pagasaea
652 665 761 743 securi,
1079 672 1123 722 455

116 758 235 833 iamque
258 753 362 815 cadem
384 770 496 833 remos,
520 751 624 812 eadem
644 751 701 811 dea
724 753 817 812 nectit
838 748 983 831 habenam

116 847 181 923 ipsa
204 842 285 903 subit
308 840 445 920 nudaque
468 848 557 901 uocat
579 839 639 900 dux
663 841 779 918 agmina
801 838 913 901 dextra.

118 934 252 992 exoritur
275 938 364 990 notus
389 936 419 989 et
442 938 523 990 torto
547 931 619 989 ratis
643 936 708 989 acta
730 928 881 1009 profundo

119 1022 265 1099 ceruitur3
289 1017 416 1096 Odrysio
440 1017 608 1097 gaudebant
630 1019 761 1079 carmine
784 1017 907 1096 phocae.

117 1115 262 1187 apparent
283 1106 392 1185 trepidi
415 1125 470 1185 per
492 1104 628 1166 Phasidis
650 1108 727 1167 ostia
751 1103 852 1165 Colchi
1082 1115 1131 1166 445

120 1196 356 1272 clamantemque
379 1193 485 1272 procul
508 1194 647 1271 linquens
670 1197 772 1272 regina
795 1200 960 1273 parentem.

117 1283 190 1344 urbs
215 1290 279 1342 erat
301 1282 370 1341 hine
394 1289 498 1341 eontra
520 1285 639 1360 gemino
663 1281 961 1363 circuminspecto,

117 1371 206 1433 ludus
229 1370 282 1431 ubi
306 1378 336 1430 et
359 1377 464 1430 cantus
486 1370 571 1431 taeda
594 1379 739 1449 pernocte
761 1370 873 1450 iugales

117 1459 269 1540 regalique
292 1467 358 1520 toro
382 1458 477 1521 laetus
500 1477 606 1538 gener:
629 1459 677 1519 illc
700 1462 834 1539 priorem

119 1542 245 1630 deserit3
268 1548 391 1609 ultrices
416 1555 551 1628 spectant
573 1567 590 1607 a
613 1548 743 1609 culmine
766 1548 856 1609 dirae.
1085 1557 1137 1608 445

119 1638 219 1699 deficit
241 1640 272 1697 in
295 1637 430 1698 thalamis
454 1635 630 1716 turbataque
654 1637 767 1716 paelice
790 1638 921 1696 coniunx

118 1725 225 1807 pallam
250 1733 279 1786 et
302 1726 492 1804 gemmiferae
516 1726 627 1785 donum
650 1724 768 1786 exitiale
792 1740 919 1785 coronae

119 1822 241 1894 apparat
264 1821 331 1874 ante
351 1833 455 1874 omnes
479 1832 581 1874 seeum
604 1814 748 1892 dequesta
771 1812 897 1873 labores.

121 1920 245 1963 munere
271 1921 330 1982 quo
352 1905 463 1981 patrias
486 1903 589 1982 paelex
612 1911 736 1963 ornatur
759 1901 794 1962 ad
817 1919 884 1963 aras

121 1991 238 2072 infelix3
261 1999 292 2051 et
314 1994 372 2053 iarn
395 1991 493 2051 rutilis
518 1999 655 2070 correpta
677 1993 803 2051 uenenis
1086 2001 1139 2051 455

119 2078 244 2159 inplicat
267 2081 335 2159 igne
358 2079 472 2140 domus.
518 2079 591 2140 haec
613 2078 842 2139 tummiraeula
865 2077 984 2139 Colchis

123 2175 274 2229 struxerat
296 2169 465 2246 ignipotens
488 2169 620 2228 nondum
643 2166 850 2249 noscentibus
873 2167 922 2226 ille

121 2259 193 2334 quis
217 2255 314 2338 labor,
338 2256 456 2336 aligeris
479 2264 530 2317 aut
553 2274 628 2335 quae
653 2263 735 2316 secet
751 2254 904 2335 anguibus
927 2272 1016 2316 auras

126 2344 217 2404 caede
240 2344 375 2405 madens:
400 2345 490 2405 odere
513 2353 613 2405 tamen
636 2346 780 2423 nisusque
804 2343 971 2405 rellectunt.

170 2431 249 2502 Quin
268 2432 346 2492 idem
367 2432 481 2511 Minyas
505 2450 630 2511 operum
653 2433 795 2493 defixerat
818 2432 934 2513 horror,
1089 2442 1141 2494 455

123 2520 192 2580 cum
216 2538 247 2579 se
272 2518 340 2578 Sole
364 2523 573 2597 satuspatriis
595 2521 798 2600 penetralibus
820 2521 920 2582 inlert.

122 2607 203 2668 lilius
226 2606 307 2667 hunc
331 2609 413 2667 iuxta
435 2609 540 2687 primis
563 2607 709 2687 Absyrtus
732 2611 762 2668 in
787 2612 880 2691 annis,
914 2626 929 2651 ·

123 2696 231 2775 dignus
254 2713 310 2756 auo
334 2713 483 2775 quemque
506 2698 656 2757 insontem
674 2697 797 2758 meliora
820 2707 983 2760 manerent.

120 2794 186 2846 turn
209 2802 300 2864 gener
323 2784 443 2845 Albanis
468 2784 573 2865 Styrus
597 2787 648 2864 qui
671 2786 833 2848 aduenerat
856 2789 926 2869 oris,

124 2873 302 2936 distulerant
325 2873 376 2934 sed
399 2873 476 2934 bella
499 2883 594 2954 toros3
618 2883 682 2935 turn
704 2875 846 2938 Phrontis
870 2884 900 2936 et
923 2875 1021 2956 Argus
1085 2887 1140 2939 450

121 2963 260 3024 Aeolidae
285 2965 437 3042 fraterque
460 2963 564 3045 Melas,
588 2982 663 3043 quos
687 2964 801 3025 aduena
823 2964 952 3026 Phrixus

120 3054 295 3133 progenuit3
317 3055 490 3134 pariterque
514 3053 575 3114 leui
597 3052 751 3133 Cytisorus
774 3055 806 3112 in
829 3053 920 3115 hasta.

119 3149 191 3216 post
215 3140 277 3221 alii,
300 3159 376 3219 quos
399 3145 562 3222 praecipuo
586 3142 701 3202 'litania
723 3141 812 3203 tellus

122 3225 196 3305 legit
217 3227 331 3288 honore
354 3239 468 3312 patres,
492 3233 625 3310 motique
649 3231 684 3291 ad
706 3230 820 3311 proelia
843 3251 938 3312 reges.

118 3313 259 3375 admouet
280 3316 330 3376 hie
354 3320 451 3378 socios
474 3318 673 3398 n'ebodamque
697 3322 826 3398 erumpit
849 3320 944 3402 lason,
1087 3332 1141 3383 455

119 3400 235 3460 siderea
259 3421 310 3463 ora
334 3406 447 3486 lerens3
471 3425 549 3468 noua
571 3408 622 3468 lux
646 3408 740 3467 ollusa
763 3406 887 3484 Cytaeis.

119 3490 303 3551 conueniunt
326 3497 495 3572 stipantque
519 3498 602 3556 uiros
625 3497 825 3573 rogitantque,
849 3492 921 3568 quid
944 3497 1010 3557 ausi
