2362 3938
76 189 193 244 XXVIII
480 185 690 241 PRAEFATIO

167 339 231 396 ‘219
260 339 360 395 cunae
387 335 508 411 scripsi:
539 339 635 396 aedes
660 335 699 393 V.
747 330 871 397 ‘uoces'
904 333 1103 401 Mermeros

167 427 233 485 220
255 428 340 484 ems
362 423 541 502 Meynckius
564 423 595 482 Π
619 424 698 482 363:
721 425 826 484 adim
849 426 890 486 V.

167 514 230 572 221
247 532 311 590 sqq.
329 517 454 588 perstet
474 517 560 572 erm
576 513 702 586 mrbus
723 513 856 586 meque
879 532 1022 590 superes,
1037 532 1101 592 pus
1128 516 1135 587 ᾗ

78 604 211 676 conferre
243 618 350 661 mantea
382 603 469 660 asom
504 602 674 674 moestisque
703 604 837 673 emotae
879 620 952 664 crem
989 607 1099 680 facibus,
1136 616 1140 673 ἢ,

78 692 222 763 quosdam
243 692 389 750 imeamcs
420 694 447 748 ot
473 693 576 748 cuncta
602 692 718 747 ames.
768 706 830 749 non
865 694 958 751 extet
989 694 1024 752 in
1047 695 1099 753 cuo

79 778 196 838 Valerii
228 778 358 837 carmine
390 778 474 836 locus
505 776 623 836 foedius
651 779 822 851 corruptus.
876 797 953 837 nem
983 796 1099 856 premnt
1138 806 1140 817 ·

79 868 183 942 inepte
206 867 254 925 hic
277 866 407 924 feminee
428 864 509 924 feces
533 864 666 940 gessisse
687 867 868 940 uersentur,
898 869 1019 944 qnippe
1046 869 1099 946 qni·

79 955 137 1013 bus
160 972 248 1013 enses
271 972 289 1011 e
312 952 430 1012 Venere
453 953 542 1012 (letos
565 971 631 1013 esse
655 971 672 1010 e
694 972 723 1011 u
747 953 812 1010 215
837 954 986 1015 sciamus.
1024 975 1098 1033 prae

78 1047 165 1100 terea
196 1059 249 1099 cur
283 1041 366 1099 feces
397 1041 469 1100 illae
506 1040 634 1100 audiunt
671 1033 846 1117 ‘magnae'i
884 1043 962 1118 quid
1000 1045 1099 1105 uoces

80 1121 197 1187 ‘etiem’
227 1128 285 1186 sibi
316 1127 419 1191 nult?¹
437 1129 491 1187 sed
521 1133 557 1187 ut
588 1130 663 1188 hece
695 1146 878 1205 quamquam
912 1131 1100 1192 intoleranda

79 1216 230 1291 patienter
267 1215 413 1291 feramus,
446 1216 536 1291 plane
568 1217 704 1277 abundat
738 1216 815 1275 illud
852 1211 1040 1297 ‘quosdam
1073 1220 1099 1280 il

79 1302 159 1380 quod
181 1302 232 1360 uel
254 1301 343 1360 Thilo
366 1304 494 1379 agnouit
518 1300 625 1378 [praef.
648 1326 678 1381 p.
700 1302 853 1379 XXXIV}
899 1306 980 1366 nihil
1004 1313 1100 1368 autem

79 1391 118 1450 ad
153 1389 352 1451 remouendcs
389 1392 445 1451 has
481 1391 678 1452 difficultates
713 1393 916 1470 proficiemus*
948 1397 1099 1456 litterulas

80 1479 234 1539 mutando.
279 1498 350 1539 nam
379 1481 405 1540 ei
432 1480 592 1541 Heinsium
622 1483 653 1540 et
679 1481 758 1540 Phil.
784 1479 979 1557 Wagnernm
1008 1483 1097 1561 [Hp.

81 1567 160 1644 395]
195 1569 291 1628 secuti
327 1570 535 1646 scripserimus
569 1563 725 1645 ‘paratos'‚
761 1570 944 1644 prenissime
983 1574 1012 1631 ei
1054 1572 1099 1649 qui

80 1676 188 1716 manus
212 1658 348 1717 conferre
372 1662 443 1718 sunt
464 1659 566 1734 parati
591 1658 821 1734 distinguuntur
850 1659 889 1716 ab
912 1659 1098 1720 insomnibus

81 1747 247 1825 cuncteque
261 1746 445 1824 uidentibus,
459 1765 528 1806 eum
540 1746 642 1822 potius
656 1746 807 1819 iusomnes
827 1764 914 1804 arma
935 1751 1097 1826 sumpsisse

81 1833 199 1892 dicendi
214 1835 283 1894 sint.
311 1835 414 1912 itaque
439 1836 481 1895 sic
495 1853 613 1912 quoque
628 1827 797 1911 ‘quosdam'
818 1853 877 1893 uox
899 1854 962 1894 non
976 1838 1098 1897 haberet

83 1923 320 1997 explicationem.
358 1924 497 1999 equidem
520 1923 682 2000 agnouisse
705 1922 781 1980 mihi
804 1940 871 1981 sum
893 1923 983 1984 uisus
1009 1927 1112 1986 inter-⁴

81 2011 229 2085 poleteris
266 2011 423 2070 cuiusdam
453 2030 591 2087 monum,
628 2012 693 2087 qui,
726 2028 794 2069 oum
825 2011 899 2069 haec
932 2014 1097 2091 antiquitus

80 2100 197 2158 trudito
219 2099 385 2159 inuenisset
408 2092 490 2174 ‘pars
512 2103 549 2158 ut
571 2103 658 2158 erant
672 2098 799 2175 dapibus
821 2099 953 2175 uinoque
977 2120 1099 2179 sopores

82 2204 154 2260 pers
177 2187 327 2245 insomnes
351 2191 382 2246 et
397 2191 504 2245 cuncte
526 2179 668 2263 tuentes'‚
690 2188 790 2247 locum
804 2191 910 2263 aperte
923 2189 1098 2250 lacunosum

80 2273 203 2349 proprio
226 2274 324 2333 Marte
349 2275 544 2350 suppleuerit.
589 2275 652 2332 iam
675 2275 701 2333 si
724 2275 819 2335 uerba
846 2275 901 2334 illa
928 2278 1096 2337 accuratius

80 2361 242 2436 intuemur,
264 2361 353 2418 facile
377 2363 465 2436 quale
487 2363 551 2421 fere
574 2361 741 2421 remedium
763 2364 846 2423 locus
868 2364 921 2422 ille
945 2365 1096 2425 desideret

80 2447 293 2523 intellegimus.
315 2467 387 2506 nam
399 2449 431 2506 in
444 2449 505 2509 illis
525 2444 608 2526 ‘pers
630 2453 666 2509 ut
683 2455 772 2511 erant
785 2451 853 2528 dap.
875 2453 932 2511 uir.
957 2446 1094 2529 sopores’

80 2536 175 2594 uerbo
201 2530 248 2594 ‘ut
269 2529 368 2594 erent'
397 2538 488 2611 plene
509 2540 631 2613 praeter
658 2540 870 2599 necessitatem
891 2540 998 2600 addita
1021 2546 1098 2602 sunt

81 2641 158 2699 quse
179 2626 247 2682 tum
266 2623 386 2682 demum
408 2625 522 2684 babent
544 2626 656 2702 locum,
685 2628 712 2686 si
734 2629 878 2688 restitues
902 2622 1030 2705 ‘sopori'
1055 2649 1097 2690 se-

81 2714 248 2788 queturque
276 2711 457 2771 uocabulum
484 2732 542 2789 quo
572 2715 709 2773 uirorum
735 2716 966 2776 Lemniecorum
998 2721 1097 2778 stetus

80 2800 249 2860 accuratius
278 2800 466 2861 describitur.
511 2802 582 2861 hine
607 2803 757 2862 traditum
783 2804 860 2864 illud
888 2797 1038 2880 ‘soporos'
1065 2807 1097 2864 in

81 2889 140 2950 duo
171 2890 268 2950 uerba
298 2889 499 2949 dirimendum
531 2894 586 2951 est.
633 2893 659 2952 si
689 2893 775 2969 leges
808 2887 904 2970 ‘paru
940 2896 977 2953 ut
1008 2898 1097 2953 erunt

80 2978 209 3055 dapibus
231 2980 361 3056 uinoque
383 2980 493 3057 sopori,
515 2981 649 3059 ignaros,
671 2999 744 3058 pars
760 2982 914 3041 insomnes
935 2984 972 3041 et
990 2987 1099 3042 cuncta

80 3062 223 3146 tuentes'‚
246 3069 416 3146 genuinam,
438 3069 470 3127 ni
492 3071 687 3130 uehementer
707 3069 810 3145 fallor,
833 3069 950 3127 Valerii
972 3087 1096 3129 monum

80 3156 260 3216 restitueris.
305 3157 358 3233 qui
384 3159 433 3216 hic
460 3176 580 3234 quoque
601 3159 756 3217 Maronem
784 3153 840 3230 [IX
864 3153 943 3229 345]
973 3161 1096 3218 secutus

80 3242 140 3300 est:
165 3238 406 3321 ‘Herbesumque
435 3245 518 3304 subit
531 3246 741 3319 Rhoetumque
756 3242 941 3315 Abarimque
963 3243 1101 3323 ignores,

82 3326 236 3390 Rhoetum
257 3333 439 3409 uigilantem
461 3334 492 3391 et
515 3335 622 3391 cuncta
643 3323 817 3389 nidentcm'.

170 3419 234 3476 233
259 3421 360 3479 anteo
382 3417 538 3480 Heinsius:
561 3419 665 3478 aethela
688 3418 724 3476 V.
747 3434 787 3475 en
809 3407 961 3490 ‘aperte'l

170 3504 233 3561 236
262 3507 435 3580 adstantque
460 3509 558 3567 doctos
585 3505 704 3580 scripsi:
737 3505 900 3576 meaque
930 3503 1030 3563 dem
1052 3505 1090 3566 V.
