2362 3938
326 214 618 271 ARGONAUTIOON
635 215 745 270 LIBER
762 217 836 272 VIII.
933 215 936 221 ’
1032 222 1094 285 147

94 379 99 386 ·
122 364 183 425 lam
206 364 290 442 prior
313 365 344 423 in
367 362 451 424 lucos
476 365 556 424 curis
579 364 756 444 urgentibus
779 366 868 426 heros

77 461 203 514 uenerat
226 460 257 513 et
279 453 410 512 nemoris
433 468 518 529 sacra
540 470 572 512 se
595 458 683 514 nocte
707 453 833 535 tegebat,
1061 470 1096 520 25

78 553 141 604 tum
165 559 285 620 quoque
310 540 425 601 siderea
448 540 546 601 clarus
569 541 675 620 procul
697 560 749 602 ora
772 544 912 605 iuuenta

78 630 173 711 qualis
197 628 293 690 adhuc
317 632 427 708 sparsis
450 631 593 690 comitum
615 648 670 709 per
691 630 785 692 lustra
808 634 936 693 cateruis

78 719 211 780 Latmius
235 719 348 778 aestiua
371 717 483 779 residet
506 725 633 778 uenator
654 720 686 779 in
709 718 824 801 umbra,

79 810 187 888 diguus
210 824 310 867 amore
334 806 419 887 deae,
443 805 549 867 uelatis
569 806 710 868 cornibus
733 815 763 869 et
786 810 844 869 iam

79 896 162 957 Luna
186 897 282 955 uenit:
305 913 392 955 roseo
416 895 483 956 talis
506 913 561 974 per
584 894 685 956 nubila
708 896 815 957 ductor
1059 912 1094 963 30

79 983 183 1064 Implet
205 984 318 1044 honore
341 1001 448 1044 nemus
471 983 597 1062 talisque
622 992 759 1063 expectat
782 994 936 1047 amantem.
1039 981 1041 985 ’

80 1077 149 1135 ecce
174 1080 274 1133 autem
296 1071 420 1151 pauidae
444 1074 530 1151 uirgo
554 1072 590 1133 de
614 1090 697 1132 more
720 1072 883 1157 columbae,

80 1179 155 1242 quae
180 1179 271 1241 super
293 1162 408 1239 ingenti
431 1161 613 1222 circumdata
635 1164 786 1241 praepetis
808 1161 914 1224 umbra

79 1253 110 1311 iu
130 1266 348 1329 quemcumque
367 1256 499 1310 tremens
517 1248 667 1312 homInem
687 1251 765 1313 cadit
784 1286 826 1294 —
845 1251 917 1314 haut
935 1271 1022 1315 secus
1044 1252 1095 1315 Illa

80 1346 144 1399 acta
167 1340 274 1400 timore
298 1340 383 1417 graui
405 1339 533 1399 mediam
556 1357 588 1400 se
611 1341 704 1421 misit3
728 1348 758 1401 at
779 1340 828 1401 ille
969 1372 971 1376 ⁴
1061 1352 1096 1404 35

80 1428 198 1506 excepit
220 1424 388 1506 blandoque
411 1429 495 1506 prior
518 1428 561 1488 sle
584 1446 636 1488 ore
659 1428 792 1489 locutus:

81 1513 110 1577 ‘o
134 1516 226 1576 decus
249 1517 281 1574 iu
304 1522 424 1576 nostros
446 1531 587 1593 magnum
610 1523 738 1575 uentura
760 1524 892 1597 penates,

81 1606 202 1683 solaque
225 1609 376 1663 tantarum
398 1604 484 1680 ulrgo
507 1602 580 1663 haut
601 1602 722 1682 indigna
744 1604 862 1663 uiarum

81 1711 170 1754 causa
193 1698 312 1771 reperta
335 1692 422 1772 mihi,
445 1693 583 1751 iamiam
606 1709 667 1750 non
689 1689 750 1750 nlla
772 1693 893 1770 requiro

34 1818 38 1821 -
81 1781 194 1843 uellera
219 1788 308 1859 teque
332 1797 415 1840 meae
440 1781 511 1841 satis
534 1787 581 1840 est
599 1781 750 1859 quaesisse
774 1782 900 1840 carinae.
1063 1795 1099 1846 40

80 1888 189 1932 uerum
211 1887 263 1949 age
288 1876 319 1929 et
341 1868 397 1928 hoc
421 1871 525 1950 etiam,
548 1868 666 1948 quando
689 1875 790 1949 potes,
813 1868 895 1928 adice
919 1870 1009 1930 tantis

80 1956 257 2021 muneribus
280 1959 455 2035 meritisque
480 1959 554 2037 tuis3
577 1975 704 2035 namque
729 1974 819 2017 aurea
840 1958 916 2017 iussi

81 2056 165 2126 terga
188 2047 302 2106 referre
326 2064 442 2126 sumus3
466 2047 563 2106 socios
586 2063 621 2106 ea
643 2045 736 2124 gloria
759 2040 903 2124 tangit.''

83 2139 126 2195 sic
150 2137 191 2195 ait
214 2142 244 2194 et
265 2136 370 2214 primis
394 2133 520 2213 supplex
543 2133 624 2195 dedit
647 2132 749 2195 oscula
770 2132 883 2212 palmis.

128 2222 238 2284 Contra
260 2225 346 2301 uirgo
370 2225 457 2282 nouis
480 2225 590 2283 iterum
613 2220 792 2301 singultibus
816 2229 883 2282 orsa
906 2228 965 2282 est:
1063 2234 1099 2284 45

84 2307 197 2391 ‘lInquo
221 2312 325 2371 domos
347 2312 457 2390 patrias
480 2318 509 2372 te
532 2317 656 2390 propter
679 2328 810 2389 opesque
834 2327 982 2392 meorum3

84 2419 139 2461 nec
162 2403 221 2461 iarn
243 2418 324 2460 nunc
347 2400 451 2479 regina
472 2399 594 2479 loquor,
618 2399 804 2478 sceptrisque
827 2398 940 2459 relictis

85 2496 155 2549 uota
180 2507 304 2567 sequor:
327 2507 415 2550 serua
437 2488 513 2549 hanc
536 2488 693 2569 profugae,
716 2489 799 2568 prior
821 2489 885 2568 ipse
908 2485 1016 2548 dedisti

87 2595 176 2655 quarn
200 2571 274 2659 (scis
298 2571 420 2659 nempe)
444 2577 540 2638 fldem.
586 2577 616 2637 di
638 2578 750 2638 nostrIs
772 2575 899 2638 uocibus
922 2575 1039 2658 adsunt,

87 2665 186 2725 sidera
210 2662 326 2722 ethaeo
350 2673 379 2724 te
402 2683 510 2744 meque
525 2665 641 2727 uident:
663 2674 764 2727 tecum
778 2683 917 2748 aequora,
938 2673 1039 2726 tecum
1066 2675 1101 2728 50

85 2751 224 2829 experiar
247 2762 449 2828 quascumque
472 2754 550 2833 uias,
573 2754 661 2814 modo
684 2755 790 2832 nequIs
813 2753 945 2814 abactam

83 2841 143 2901 huc
167 2837 277 2897 referat
299 2854 347 2896 me
370 2836 447 2897 sorte
471 2838 535 2898 dies
558 2840 711 2918 oculisque
733 2843 866 2919 parentis

84 2931 216 3007 ingerar3
239 2924 296 2984 hoc
319 2942 459 3006 superos,
481 2925 537 2985 hoc
561 2932 590 2985 te
614 2943 733 3005 quoqne
757 2927 915 3008 deprecor,
938 2921 1068 3005 hospes?

128 3015 208 3076 llaec
233 3016 274 3075 ait
296 3012 392 3091 adque
416 3013 520 3073 furens
542 3012 646 3093 rapido
662 3032 719 3093 per
738 3013 829 3096 *deuia
850 3031 942 3093 passu

86 3104 207 3165 tollitur.
253 3101 302 3162 ille
325 3101 429 3162 haeret
451 3118 552 3162 comes
574 3109 606 3162 et
627 3103 787 3162 mIsera'tur
810 3108 939 3184 euntem,
1063 3095 1099 3163 '56

87 3210 154 3253 cum
177 3192 276 3254 subito
298 3193 450 3271 ingentem
472 3190 569 3250 media
591 3191 670 3252 inter
691 3188 793 3250 nubila
815 3190 962 3252 dammam

87 3283 231 3360 conspicit
254 3287 284 3340 et
307 3297 396 3340 saeua
418 3278 571 3340 uibrantes
593 3278 660 3340 luce
683 3277 831 3341 tenebras.

87 3365 164 3448 ‘quis
187 3369 280 3430 rubor
302 3371 359 3430 iste
382 3363 465 3448 poli?
487 3368 567 3447 quod
588 3375 649 3429 tam
671 3366 797 3446 lugubre
821 3365 939 3428 refulsit

87 3453 202 3519 sidus?
226 3461 274 3519 ait.
320 3458 419 3518 reddit
441 3457 557 3537 trepido
581 3459 630 3519 cui
652 3455 720 3517 talia
742 3458 842 3536 uirgo:

87 3541 191 3625 ‘ipsius
216 3564 252 3607 en
276 3547 378 3609 oculos
402 3554 433 3608 et
455 3545 565 3608 lumina
588 3554 675 3608 torua
698 3545 835 3606 draconis
1062 3551 1102 3602 oo

831 3643 884 3700 10*
