2362 3938
459 182 675 239 PRAEFATIO.
1051 187 1077 239 V

58 343 185 412 tumque
214 333 262 392 illa
289 340 420 412 praestat
447 335 615 393 sentcntiae
644 332 756 392 eornm·
777 336 828 411 qui
852 333 1000 395 Valerium
1023 336 1075 394 Ar·

57 424 217 502 gonautica
239 421 415 500 imperfecta
438 421 595 499 reliquisse
620 410 751 481 censent.
798 424 884 482 cuius
912 426 957 484 rei
979 442 1077 503 nuper

56 511 145 570 Thilo
175 512 299 588 eiusque
333 510 445 570 assecla
469 509 663 569 Schenkelius
696 509 745 570 uel
776 512 807 570 in
840 511 964 589 singulis
991 511 1076 572 libris

56 599 168 659 indicia
192 600 358 658 certissima
382 597 613 677 deprehendisse
638 597 695 657 sibi
719 606 789 659 sunt
811 600 877 659 uisi.
919 618 988 659 nam
1010 600 1074 661 ubi·

48 680 187 766 'cumque
219 689 281 746 iere
306 690 468 747 sententias
491 687 621 766 hiantes,
644 704 788 748 uersuum
816 687 951 747 ordinem
974 688 1074 749 turba-

57 787 136 857 tum,
175 775 339 836 uerborum
377 776 480 836 sordes
517 776 707 853 macrdasque
743 778 938 857 inuenerunt,
976 779 1075 837 statim

56 866 131 925 haec
166 865 201 924 ad
228 866 368 924 carminis
397 865 571 942 imperfecte
600 863 699 924 relicti
726 873 757 924 et
786 883 802 924 a
830 873 935 943 poetae
964 868 1074 926 mortui

58 956 154 1013 amico
182 953 310 1032 quodam
339 971 398 1012 non
427 961 472 1012 sat
500 953 637 1031 religiose
666 951 738 1014 editi
761 954 901 1013 miseram
924 954 1072 1014 condicio-

59 1060 131 1101 nem
154 1043 277 1101 artificio
302 1060 381 1101 nunc
406 1041 539 1102 adamato
554 1040 744 1101 rettulerunt.
777 1041 874 1102 eidem
887 1049 986 1103 tamen
1010 1043 1074 1103 aliis

59 1130 133 1189 locis
165 1130 301 1209 plurimis
329 1148 389 1189 non
418 1137 583 1208 potuerunt
611 1148 670 1189 non
699 1148 860 1207 agnoscere
884 1130 1075 1192 librariorum

57 1217 165 1279 malam
193 1237 321 1278 manum.
368 1217 507 1296 equidem
537 1220 589 1296 qui
617 1218 693 1278 bene
723 1219 892 1298 intellegam
920 1239 1008 1298 quam
1036 1222 1075 1280 sit

56 1307 243 1386 periculosae
275 1307 397 1385 plenum
430 1326 505 1388 opus
538 1302 633 1387 aleae,
665 1309 697 1366 in
724 1317 785 1368 tam
813 1308 965 1386 deplorato
993 1311 1075 1369 unici

57 1415 117 1474 quo
141 1396 339 1474 Argonautica
363 1403 488 1455 aetatem
511 1395 645 1456 tulerunt
669 1396 779 1455 codicis
808 1403 887 1455 statu
910 1394 1073 1457 diiudicare

57 1479 144 1563 quae'
161 1486 234 1544 uitia
258 1484 417 1562 archetypo
443 1504 459 1543 a
482 1492 569 1562 poeta
592 1483 711 1564 relicto,
740 1501 814 1562 quae
838 1484 990 1544 monacbis
1014 1486 1074 1544 sint

56 1572 230 1652 tribuenda,
268 1572 340 1632 nihil
373 1576 466 1651 magis
499 1572 666 1632 cauendum
702 1572 774 1632 duxi
811 1589 899 1649 quam
935 1575 1072 1632 uirorum

56 1662 177 1722 illorum
201 1661 358 1721 doctorum
381 1664 511 1721 rationes
534 1659 664 1720 lubricas
687 1660 874 1739 fallacesque,
898 1679 967 1720 cum
989 1678 1072 1738 prae·

57 1753 162 1810 sertim
177 1768 226 1809 eas
241 1752 323 1809 omni
342 1757 457 1828 aparte
472 1750 642 1810 falsissimas
658 1767 723 1809 esse
746 1765 923 1827 persuasum
940 1747 1073 1808 habeam,

147 1838 266 1918 Scripta
289 1857 355 1898 esse
379 1838 577 1918 Argonautica
600 1845 667 1901 tota
695 1837 730 1896 ad
754 1836 904 1914 exemplar
927 1837 1074 1897 Aeneidos

57 1926 242 2005 Vergilianae
267 1935 370 2004 notum
394 1936 448 1986 est.
494 1935 554 1986 tam
572 1926 738 2005 prudenter
761 1933 860 1986 autem
884 1926 1073 2004 scienterque

57 2013 192 2075 Valerius
225 2015 261 2073 ad
293 2015 382 2075 huius
406 2015 541 2075 normam
573 2033 661 2074 suum
692 2030 797 2095 poema
820 2015 1017 2074 conformauit
1040 2020 1073 2073 ut

56 2102 203 2163 iudicium
216 2105 330 2183 pariter
353 2111 442 2182 atque
466 2105 619 2182 ingenium
642 2110 747 2181 poetae
770 2104 975 2181 suspiciamus.
1003 2110 1074 2161 sunt

57 2199 158 2252 autem
181 2191 218 2250 de
242 2190 322 2251 nulla
346 2192 408 2251 lere
432 2211 465 2251 re
489 2209 565 2270 quae
588 2192 624 2251 ad
648 2193 786 2268 antiquos
808 2193 957 2271 pertineat
980 2192 1072 2269 scrip·

55 2291 137 2340 tores
160 2288 221 2340 tam
244 2282 344 2340 uariae
367 2287 487 2358 tamque
512 2279 600 2340 falsae
629 2279 806 2358 plerumque
821 2281 976 2361 opiniones
999 2280 1073 2339 latac

57 2387 147 2446 quam
180 2368 217 2427 de
251 2370 427 2428 imitationis
460 2368 559 2429 studio
592 2368 670 2447 apud
701 2377 805 2447 poetas
836 2369 943 2429 latinos
975 2368 1073 2429 obuio.

57 2474 126 2516 nam
154 2459 181 2516 si
209 2456 300 2521 hodie¹
327 2458 447 2533 quidam
470 2456 547 2535 apud
571 2456 646 2517 duos
670 2456 783 2517 diuersi
806 2459 948 2537 temporis
971 2465 1074 2536 poetas

56 2563 167 2605 uersus
195 2545 352 2622 exaliqua
380 2553 464 2624 parte
489 2545 600 2605 similes
628 2547 798 2626 inueniunt,
825 2546 894 2606 ilico
922 2554 1074 2606 auctorem

57 2641 155 2693 aetate
179 2635 376 2711 posteriorem
400 2636 578 2712 excripsisse
605 2637 738 2712 priorem
765 2635 898 2694 clamant.
945 2633 1074 2694 notabile

56 2721 124 2782 talis
148 2723 356 2800 peruersitatis
381 2722 548 2800 exemplum
572 2725 743 2802 nuperrime
767 2723 904 2801 praebuit
924 2722 1073 2782 Schenhe·

56 2810 124 2889 lius,
148 2812 200 2888 qui
223 2809 307 2870 uelut
331 2819 431 2870 oestro
455 2810 583 2889 quodam
605 2814 738 2890 percitus
762 2809 909 2871 Valerium
937 2821 1074 2870 nostrum
1102 2826 1123 2882 „t

55 2900 86 2956 in
115 2897 218 2957 uerbis
247 2899 296 2957 uel
326 2897 489 2959 tritissimis
513 2898 624 2977 ubique
648 2901 814 2961 anteriores
837 2900 1000 2959 imitatione
1025 2915 1072 2956 cx·

56 2987 203 3063 pressisse
230 2989 346 3065 statuit3
374 2987 468 3047 ueluti
491 3005 551 3047 non
575 2986 696 3046 erubuit
719 2985 899 3046 contendere
930 2984 1021 3059 [stud.
1044 3002 1073 3061 p.

59 3069 136 3149 102]
161 3073 210 3132 illa
234 3076 265 3135 in
289 3074 442 3136 codicibus
466 3076 574 3135 tradita
599 3073 635 3150 [V
651 3071 714 3134 125
739 3073 796 3151 sq]
821 3069 879 3132 ‘est
902 3090 980 3132 uero
998 3089 1072 3149 pro·

52 3180 136 3238 papo
165 3165 333 3243 sanguinis,
366 3173 412 3224 est
444 3163 510 3223 ollis
539 3165 654 3241 genitor
683 3156 769 3221 deus'
800 3162 910 3238 scripta
942 3177 1008 3219 esse
1038 3158 1073 3218 ad

55 3250 225 3329 exemplum
249 3250 364 3332 Ouidii,
393 3255 444 3330 qni
473 3254 504 3310 in
532 3252 813 3311 transmutationnm
837 3247 904 3307 libri
928 3247 954 3307 ll
978 3267 1007 3307 u.
1029 3243 1072 3307 38

54 3339 167 3398 dixerit
190 3335 257 3418 ‘per
280 3358 355 3417 quae
380 3349 431 3400 tna
455 3359 533 3399 nero
552 3356 691 3415 propago
715 3331 840 3398 credar?
883 3355 971 3414 quam
994 3337 1075 3396 enim

53 3429 189 3505 ineptum
205 3431 244 3488 sit
266 3429 340 3487 locis
364 3448 380 3488 a
404 3429 552 3488 sententia
575 3430 654 3486 inter
675 3430 709 3485 'se
724 3424 927 3486 dissimillimis
950 3432 1075 3504 propter

54 3515 182 3575 (luorum
215 3516 429 3576 uocabulorum
459 3516 733 3593 uolgatissimorum
760 3513 983 3574 similitudinem
1017 3520 1074 3572 sla·
