2376 3938
389 190 518 247 OBITUS
537 191 760 251 ALEXANDRI.
1015 197 1078 261 117

67 354 169 436 cadit,
197 353 293 436 idque
317 351 547 418 Macedonibus
572 376 669 439 supra
693 357 815 442 omnia,
837 380 918 442 quae
941 363 1080 443 possunt

66 443 100 507 in
128 442 260 526 proeliis
287 442 492 506 incommoda
519 442 634 522 rideri,
662 444 828 530 ingratum
855 447 925 511 fuit.
972 447 1079 524 Quare

66 532 215 619 neglecto
244 531 334 596 omni
361 530 494 595 omnino
528 552 624 615 opere
651 532 796 599 bellandi
827 555 944 618 equum
972 537 1078 601 exoni-

67 642 153 685 mem
176 620 246 703 ipse
267 619 368 683 cauda
389 619 424 682 iu
443 622 551 703 partes
571 642 646 684 suas
665 622 804 687 retrahit
827 624 1016 708 metuitque,
1038 646 1078 689 na

67 708 208 792 spolium
235 708 316 772 illud
342 705 415 771 Indi
440 729 533 772 suum
556 709 691 792 vellent,
720 711 805 794 quod
829 716 914 776 esset
936 713 1113 777 Alexan-5

66 800 124 863 dro
148 795 381 880 pudibundum.
426 795 534 880 Atque
561 798 610 863 ita
636 800 775 882 receptis
799 800 866 864 suis
896 804 928 865 et
954 801 1079 886 proelio

67 888 224 952 dissoluto
257 885 375 970 viginti
402 884 502 950 ferme
532 885 599 951 dies
631 887 767 953 indutiis
801 888 931 972 dantur,
962 890 1079 974 quibus

65 976 228 1059 utrimque
270 973 464 1057 sepeliendis
505 975 738 1061 exurendisque
784 977 853 1063 his,
893 979 950 1062 qui
995 977 1080 1062 apud

67 1067 187 1131 alteros
228 1062 353 1148 proelio
396 1062 569 1129 desiderati
611 1064 758 1149 fuerant,
800 1067 955 1131 institere.
1016 1064 1078 1132 Sed
1096 1069 1143 1122 12.

65 1155 155 1220 hisce
188 1154 304 1238 quibus
337 1152 403 1216 dixi
440 1153 552 1218 diebus
589 1155 675 1219 haud
711 1155 807 1239 pauci
838 1153 1009 1221 Persarum
1044 1155 1079 1220 in
1094 1161 1120 1208 1'0

65 1249 175 1329 partes
202 1243 279 1308 Pori
309 1243 448 1307 transire
478 1241 662 1308 Alexandro
692 1245 935 1310 nuntiabantur.
986 1243 1079 1321 Quod
1097 1241 1143 1297 IV·

66 1355 140 1399 cum
178 1336 211 1397 et
246 1332 378 1415 impune
415 1331 486 1395 fieri
522 1331 705 1414 pervideret
741 1336 774 1396 et
815 1333 1079 1398 consuetudinem

66 1421 152 1487 haud
176 1420 343 1487 commode
368 1420 504 1504 gliscere
527 1419 602 1484 fidei
624 1421 879 1506 negligentibus,
906 1422 980 1486 iniit
1003 1442 1079 1485 con·

67 1511 192 1593 silium,
221 1509 269 1573 uti
296 1508 416 1574 Porum
444 1509 485 1572 ad
513 1508 695 1573 solitarium
724 1510 793 1592 ipse
820 1510 980 1593 proelium
1007 1530 1079 1592 pro·

66 1602 213 1681 vocaret,
242 1601 349 1663 cetera
378 1598 486 1662 dicens
518 1618 638 1681 genera
664 1597 808 1661 bellandi
833 1597 1008 1679 fortunam,
1028 1609 1119 1660 ex-1⁵

67 1690 214 1771 spectare
246 1686 355 1770 potius
386 1706 483 1768 quam
512 1687 666 1750 virtutem
695 1689 752 1750 aut
783 1686 922 1768 gloriam
953 1685 1079 1769 dueum.

65 1777 244 1841 Enimvero
268 1775 330 1839 sibi
353 1797 419 1840 non
437 1774 579 1838 indidem
598 1772 725 1837 landem
744 1773 848 1838 rideri
865 1775 1078 1857 imperatores

67 1868 201 1950 captare
231 1863 362 1946 debere,
391 1863 476 1927 unde
506 1861 645 1926 subditis
676 1863 743 1926 suis
771 1861 949 1945 periculum
977 1862 1079 1925 fieret.

67 1953 236 2038 Optimum
256 1973 333 2036 ergo
351 1952 385 2015 in
403 1955 539 2036 utroque
559 1951 735 2016 iudicatum
754 1949 805 2033 iri,
823 1951 852 2014 si
870 1950 936 2014 suis
950 1949 1082 2032 ipsimet

67 2042 162 2106 duces
191 2040 341 2106 manibus
372 2041 599 2125 experirentur.
651 2038 744 2116 Quod
776 2040 804 2102 si
831 2037 915 2104 Poro
946 2037 1080 2120 sederet,
1094 2051 1120 2090 2⁰

66 2130 233 2194 fortunam
266 2129 423 2193 eiusmodi
460 2129 592 2194 minime
625 2131 882 2212 uspematurum.
935 2126 973 2190 Id
1009 2125 1081 2190 bar-

67 2220 166 2284 b‘arus
191 2217 254 2283 sibi
272 2216 387 2282 libenti
406 2218 487 2282 satis
512 2217 620 2282 offerri
643 2218 816 2300 profitetur
839 2215 1080 2300 adquiescitque

67 2306 262 2385 condicioni,
291 2328 388 2390 quam
411 2305 596 2371 Alexander
622 2305 755 2388 fecerat,
783 2304 907 2370 scilieet
931 2304 1080 2369 aestima·

67 2397 158 2460 tione
181 2395 353 2459 barbarica
376 2394 414 2458 de
442 2393 537 2459 modo
562 2415 732 2476 corporum
756 2415 940 2458 mensuram
962 2393 1080 2458 virium

68 2484 215 2566 metiens,
235 2504 307 2547 cum
322 2504 356 2546 se
375 2481 612 2567 proceritudine
626 2482 772 2565 corporis
781 2486 820 2565 et
834 2485 942 2547 cetera
955 2479 1078 2566 magni·
1095 2492 1121 2532 2⁵

68 2571 192 2637 tudinis
221 2571 436 2656 congruentia
463 2572 560 2654 longe
589 2570 710 2636 distare
738 2572 779 2635 ab
807 2570 983 2654 exiguitate
1007 2570 1081 2633 Ale·

69 2659 184 2724 xandri
207 2658 400 2742 pervideret,
421 2659 491 2742 ipse
510 2658 651 2742 quinque
673 2658 775 2723 ferme
794 2658 912 2724 cubitis
932 2657 1080 2739 evectior,

69 2770 142 2813 cum
160 2747 382 2812 Alexandrum
406 2748 462 2830 qui
482 2746 655 2812 visitavere
677 2748 731 2813 vix
754 2747 859 2812 tribus
883 2746 999 2812 cubitis
1022 2767 1079 2808 nu·

69 2838 291 2901 meravissent.

158 2989 285 3046 111111τί
302 2992 446 3061 ingratum
464 2990 520 3047 luit
538 2992 574 3047 A.
603 2990 726 3045 redivivo
747 2989 781 3043 P.
832 2996 970 3058 bequum
988 2989 1083 3043 exani-

69 3080 145 3117 mem
163 3068 211 3118 ctc.
231 3063 266 3119 A.
301 3061 443 3132 cumipse
462 3061 620 3119 exanimem
639 3060 757 3116 caudam
778 3060 814 3115 P.
905 3059 1030 3115 9altero
1048 3059 1082 3112 P.

70 3139 104 3187 10
123 3133 167 3189 his
188 3135 222 3188 P.
261 3139 293 3188 11
313 3133 446 3188 transisse
466 3135 498 3189 P.
542 3139 574 3186 12
593 3132 711 3200 impune
725 3131 760 3184 A.
789 3129 819 3183 in
837 3147 892 3199 pue
911 3130 944 3184 P.
988 3135 1021 3183 13
1040 3129 1082 3182 iu·

69 3204 105 3259 iit
127 3205 246 3274 REpit.
276 3203 329 3259 init
347 3205 382 3258 A.
428 3211 461 3258 16
479 3206 574 3274 potius
593 3203 625 3257 P.
654 3201 782 3271 protinus
801 3201 836 3256 A.
884 3205 916 3256 17
935 3199 1027 3256 videri
1047 3198 1083 3253 P.

68 3274 123 3330 viri
141 3275 178 3331 A.
257 3280 290 3330 18
309 3275 411 3330 debere
434 3291 485 3330 om.
503 3274 539 3329 A.
617 3278 650 3328 19
669 3272 825 3327 iudicatum
848 3271 884 3326 iri
906 3270 1008 3326 Harae.
1045 3271 1081 3335 cf.

74 3345 235 3401 Volkmann
255 3347 292 3400 ad
315 3347 385 3400 Itan.
410 3346 490 3400 Alex.
517 3344 635 3399 XVIII
638 3363 649 3410 ‚·
675 3341 803 3398 iudicant
826 3342 880 3397 viri
905 3341 940 3395 A.
949 3342 983 3397 P.
1015 3338 1082 3409 ipsi·

69 3418 128 3472 met
145 3417 178 3472 P.
204 3416 260 3486 ipsi
278 3416 315 3471 A.
370 3421 404 3471 22
425 3419 454 3471 et
471 3415 625 3484 acquiescit
644 3414 675 3468 P.
726 3420 760 3467 23
780 3430 866 3482 quam
884 3413 917 3468 P.
944 3427 1027 3481 quem
1045 3412 1082 3466 A.

69 3492 104 3611 pb
122 3487 291 3628 ppoceritptp
303 3486 348 3611 IP.
376 3485 570 3556 magnitudine
594 3484 760 3554 congruenti
784 3486 818 3540 P.
892 3480 1082 3554 2611131111-

83 3572 128 3610 em
157 3574 207 3614 om.
226 3575 271 3613 a.
331 3601 337 3612 .
