2362 3938
351 180 650 273 ,Audounurlcou
668 186 777 242 Llssun
794 189 815 242 I.

71 338 206 412 uinaque
230 340 260 393 et
284 350 448 411 aequoreos
471 335 550 394 inter
573 352 642 394 cnm
665 336 791 414 coniuge
815 335 901 397 diuos

71 422 231 502 Aeacides,
254 422 412 501 pulsatque
437 421 542 502 chelyn
565 430 634 502 post
655 421 763 502 pocula
786 421 905 485 Chiron.

71 520 159 593 parte
184 511 238 570 alia
262 509 372 570 Pholoe
397 510 550 590 multoque
573 513 695 571 insanus
719 511 824 572 laccho
1040 527 1092 578 140

71 601 209 662 Rhoetus
233 606 263 660 et
284 598 402 659 Atracia
425 598 540 659 subitae
565 598 601 659 de
624 602 740 678 uirgine
763 617 889 680 pugnae.

72 698 208 750 crateres
231 704 410 767 mensaeque
434 687 536 749 uolant
559 706 686 768 araeque
710 688 835 749 deorum

71 778 254 859 poculaque,
277 777 402 854 insignis
425 784 565 837 ueterum
587 776 679 838 labor.
725 779 855 856 optimus
875 775 962 838 frasta

72 868 123 928 hic
146 865 268 948 Peleus,
291 863 339 924 hic
363 881 434 924 ense
458 864 561 925 furens
585 867 756 944 agnoscitur
779 866 886 926 Aeson.

72 956 134 1015 fert
158 957 257 1033 grauis
281 955 376 1013 inuito
398 955 546 1014 uictorem
568 953 695 1015 Nestora
717 961 811 1034 tergo.
1039 966 1091 1017 uo

72 1043 252 1124 Monychus,
276 1043 392 1102 ardenti
413 1045 530 1121 peragit
553 1041 651 1103 Clanis
673 1042 781 1104 Actora
804 1059 928 1126 quercu,

72 1134 161 1209 nigro
184 1130 296 1191 Nessus
319 1149 397 1209 equo
420 1130 509 1211 fugit,
533 1132 715 1210 adclinisque
738 1133 847 1211 tapetis

71 1223 229 1280 inmensus
252 1236 346 1279 uacua
370 1219 472 1280 condit
496 1229 584 1299 caput
606 1220 756 1300 Hippasus
779 1237 859 1280 aura.

164 1306 243 1368 Haec
266 1325 445 1385 quamquam
467 1309 600 1369 miranda
622 1309 696 1369 nihil
719 1316 821 1388 stupet
842 1308 958 1370 Aesone
981 1318 1068 1372 natus

71 1407 104 1458 et
128 1414 245 1456 secum:
269 1391 339 1456 ‘heu
362 1398 488 1457 miseros
512 1405 648 1458 nostrum
670 1405 816 1476 natosque
838 1398 1012 1477 patresque!
1040 1410 1093 1461 1⁶0

71 1486 179 1545 hacine
203 1502 258 1544 nos
282 1487 395 1545 animae
419 1485 520 1545 faciles
543 1494 605 1546 rate
628 1485 730 1546 nubila
753 1493 856 1545 eontra

72 1575 234 1652 mittimur3
257 1575 288 1632 in
311 1573 408 1633 solnm
431 1591 503 1634 num
526 1576 640 1634 saeuiet
658 1573 773 1633 Aesona
795 1569 928 1652 pontus?

71 1680 134 1723 non
158 1664 299 1722 iuuenem
322 1664 353 1721 in
377 1679 464 1723 casus
487 1662 649 1740 eademque
672 1661 805 1741 pericula
827 1661 968 1724 Acastum

71 1746 240 1829 abripiam?
262 1751 377 1810 inuisae
401 1750 497 1812 Pelias
520 1752 596 1811 freta
619 1759 684 1811 tnta
707 1753 824 1811 carinae

71 1846 158 1917 optet
181 1846 212 1898 et
235 1846 339 1899 exoret
362 1841 473 1900 nostris
497 1857 566 1900 cum
588 1839 733 1900 matribus
755 1832 869 1899 undas!
1037 1851 1090 1900 16⁶

162 1927 390 1995 l'aliamotanti
413 1928 531 1988 laeuum
554 1928 634 1989 louis
657 1930 785 2007 armiger
808 1925 909 1987 aethra

72 2014 196 2075 aduenit
219 2024 250 2076 et
271 2016 378 2076 ualidis
401 2017 488 2075 fixam
512 2018 600 2096 erigit
622 2016 772 2095 unguibus
795 2031 908 2094 agnam.

72 2111 102 2164 at
125 2103 232 2184 procul
256 2122 272 2164 e
296 2103 420 2166 stabulis
443 2105 553 2183 trepidi
576 2104 704 2165 clamore
728 2112 895 2183 sequuntur

71 2200 210 2270 pastores
233 2192 428 2272 fremitusque
452 2211 572 2273 canum3
595 2195 672 2254 citus
696 2201 823 2272 occupat
847 2210 934 2253 auras

72 2288 178 2358 raptor
201 2286 231 2340 et
253 2281 360 2361 Aegaei
384 2299 475 2362 sirper
499 2281 603 2361 effugit
625 2282 682 2343 alta
704 2280 853 2363 profundi.
1037 2293 1090 2344 160

72 2368 184 2447 accipit
207 2371 365 2448 augurium
388 2370 550 2431 Aesonides
573 2371 727 2449 laetusque
751 2368 873 2448 superbi

74 2464 154 2516 tecta
173 2458 250 2535 petit
272 2457 380 2518 Peliae,
425 2461 509 2537 prior
531 2459 601 2520 huie
624 2467 689 2520 tum
711 2460 793 2537 regia
815 2457 916 2536 proles

74 2543 195 2605 aduolat
218 2545 370 2625 amplexus
394 2546 584 2626 fraternaque
606 2554 728 2628 pectora
751 2549 886 2626 iungens.

74 2631 182 2693 ductor
207 2635 260 2695 ait:
283 2628 352 2694 ‘non
376 2634 554 2717 degeneres,
577 2644 611 2696 ut
633 2639 723 2718 reris,
746 2637 863 2717 Aceste,

73 2723 214 2781 uenimus
237 2721 274 2781 ad
297 2731 433 2801 questus:
457 2726 573 2785 socium
591 2733 620 2785 te
643 2727 767 2804 iungere
791 2716 904 2804 coeptis
1039 2734 1091 2785 too

74 2818 120 2869 cst
143 2811 273 2890 animm,
297 2828 393 2888 neque
417 2813 498 2871 enirn
520 2813 660 2873 Telamon
684 2823 736 2873 aut
758 2811 890 2873 Canthus
914 2820 945 2874 et
967 2811 1032 2873 ldas

74 2895 308 2977 Tyndareusque
330 2917 407 2978 puer
430 2900 502 2960 mihi
526 2901 637 2960 uellere
661 2901 777 2978 dignior
799 2899 907 2961 Helles.

74 3001 90 3043 o
115 2995 261 3064 quantum
283 2981 395 3069 terrae,
419 2996 563 3066 quantum
586 3005 767 3066 cognoscere
790 2987 863 3048 caeli

73 3076 256 3152 permissum
279 3074 337 3136 est!
360 3062 482 3156 pelagus
507 3084 632 3156 quantos
657 3077 806 3154 aperimus
824 3077 856 3134 in
879 3073 966 3135 usus!

73 3178 155 3221 nunc
179 3163 280 3223 forsan
303 3181 395 3243 graue
417 3167 496 3225 reris
518 3183 608 3246 opus;
631 3163 683 3223 sed
706 3163 782 3224 laeta
805 3170 942 3223 recurret
1037 3173 1090 3222 ruo

74 3266 143 3309 cum
166 3253 239 3311 ratis
263 3260 294 3313 et
316 3271 415 3313 caram
438 3272 508 3314 cum
529 3255 588 3313 iam
611 3252 683 3312 milri
706 3251 811 3313 reddet
833 3248 943 3330 lolcon,

74 3340 140 3415 quis
163 3339 261 3417 pudor
283 3340 344 3401 heu
367 3349 486 3402 nostros
510 3341 564 3402 tibi
587 3348 659 3400 tunc
683 3340 785 3399 andire
809 3336 945 3398 labores!

73 3442 163 3503 qnam
186 3428 315 3488 referam
337 3431 418 3490 uisas
441 3439 492 3490 tua
514 3448 568 3509 per
592 3429 720 3506 suspiria
742 3421 872 3507 gentesl’

162 3513 224 3575 Nec
247 3532 352 3595 passus
376 3535 429 3577 rex
451 3518 537 3597 plura
560 3519 702 3596 mrumst,
725 3524 755 3578 at
778 3511 897 3578 ‘cuncta
919 3522 1036 3598 parat03
