2362 3938
131 211 176 276 20
327 176 359 237 ’-
476 205 506 260 c.
525 204 663 260 vanam
679 203 807 260 rancor

223 359 260 418 At
283 355 401 418 subitus
425 373 555 435 curaque
579 355 686 416 ducem
708 361 806 415 metus
830 356 928 415 acrior
951 357 1034 416 omni

132 465 277 527 mensque
302 445 370 508 mali
393 462 534 526 praesaga
558 445 665 524 quatit,
688 442 769 522 quod
792 445 872 522 regis
895 442 1019 504 adortus

133 538 307 618 progeniem
331 542 474 615 raptoque
498 533 573 593 dolis
597 531 727 593 crudelis
750 531 857 593 Acasto
1097 540 1135 593 stt

134 635 234 688 cetera
257 624 336 685 rruda
359 626 426 684 neci
449 623 606 701 medioque
629 623 662 682 in
686 622 810 681 crimine
833 629 950 700 patrem

135 717 259 794 liquerit
282 732 315 774 ac
339 712 428 773 nullis
451 714 570 791 inopem
593 709 750 771 uallauerit
773 712 873 791 armis,

136 807 201 884 ipse
225 803 331 883 procul
354 819 435 862 nunc
459 808 522 861 tuta
546 807 665 878 tenens3
687 808 756 859 ruat
778 801 875 860 omnis
898 800 930 860 in
953 799 1021 860 illos

136 895 246 972 quippe
270 891 363 951 furor.
410 908 465 949 nec
488 907 564 949 uana
587 896 677 967 pauet
699 889 887 966 trepidatque
911 888 1022 952 futura.

226 980 327 1040 Saeuit
351 987 435 1040 atrox
457 977 554 1038 Pelias
577 979 754 1055 inimicaque
777 979 893 1037 uertice
917 977 953 1038 ab
978 979 1038 1040 alto
1099 988 1136 1040 itt

135 1070 202 1131 uela
226 1067 308 1129 uidet
331 1086 386 1128 nec
406 1085 464 1145 qua
487 1086 518 1126 se
542 1067 650 1126 ardens
669 1066 822 1126 effundere
844 1068 949 1146 possit.

136 1158 178 1218 nil
202 1156 316 1237 innuli,
340 1155 381 1215 nil
404 1172 495 1232 regna
518 1156 636 1234 iuuant3
660 1155 760 1215 fremit
783 1154 867 1214 ohioe
890 1158 976 1234 ponti

136 1246 235 1305 clausa
259 1244 366 1304 cohors
390 1242 516 1321 telisque
541 1242 636 1304 salum
660 1242 834 1321 facibusque
858 1254 1007 1307 coruscat.

136 1334 208 1393 haut
232 1351 332 1413 secus,
356 1332 490 1391 aerisona
513 1331 637 1392 uolucer
661 1351 729 1393 cum
752 1331 897 1393 Daedalus
919 1352 972 1393 ora

137 1421 276 1503 prosiluit
299 1423 440 1499 iuxtaque
465 1438 564 1481 comes
588 1420 779 1482 breuioribus
802 1421 864 1502 alis,
1101 1430 1142 1484 τοῦ

137 1509 217 1572 nrrhe
240 1529 319 1572 noua
341 1509 494 1589 linquente
518 1509 634 1591 domos,
656 1509 764 1570 Minoia
788 1511 900 1570 frustra

139 1601 295 1662 infremuit
317 1618 423 1660 manus
447 1608 477 1659 et
501 1601 569 1660 uisu
592 1599 719 1660 lassatur
742 1601 822 1659 inani

139 1692 235 1750 omnis
258 1707 351 1768 eques
373 1689 529 1768 plenisque
552 1688 631 1748 redit
653 1687 784 1766 Gortyna
805 1687 963 1767 pharetris

139 1780 213 1856 quin
236 1781 326 1839 etiarn
348 1780 380 1838 in
403 1776 537 1838 thalamis
560 1779 716 1856 primoque
740 1778 771 1836 in
794 1775 894 1837 limine
919 1777 1020 1839 Acasti

139 1866 225 1927 fusus
248 1865 339 1928 humo
363 1868 481 1928 iuuenis
504 1884 626 1945 gressus
649 1874 680 1926 et
703 1866 801 1925 inania
824 1867 901 1944 signi
1104 1875 1149 1927 rto

140 1973 191 2016 ore
215 1958 324 2035 premit
347 1957 518 2034 sparsisque
541 1955 642 2032 legens
665 1955 792 2032 uestigia
815 1955 896 2014 canis
1081 1946 1084 1951 ’

139 2039 180 2106 ‘te
206 2063 324 2128 quoque
347 2046 406 2104 iam
430 2045 535 2104 maesti
558 2044 658 2104 forsan
677 2044 820 2121 genitoris
844 2045 950 2123 imago,

139 2129 229 2214 nate,'
253 2135 293 2193 ait
317 2128 359 2192 ‘et
381 2132 481 2193 luctus
504 2131 634 2193 subeunt
657 2133 785 2211 suspiria
808 2133 913 2212 nostri,

139 2224 257 2299 iamque
281 2220 364 2281 dolos
388 2223 561 2299 circumque
585 2222 679 2281 trucis
702 2221 872 2282 discrimina
894 2219 947 2280 leti

140 2308 220 2368 mille
243 2310 337 2371 uides.
384 2328 442 2388 qua
466 2318 508 2390 te,
531 2309 646 2391 infelix,
671 2308 780 2389 quihus
803 2311 944 2387 insequar
968 2305 1055 2372 oris?
1105 2320 1155 2371 tit

142 2414 202 2455 non
226 2397 379 2475 Scythicas
402 2398 485 2457 ferus
508 2397 556 2457 ille
581 2398 684 2458 domos
708 2416 763 2459 uec
786 2398 823 2458 ad
846 2399 920 2458 ostia
944 2396 1034 2461 Ponti

140 2483 236 2544 tendit
260 2487 330 2565 iter,
354 2482 443 2545 falsae
463 2485 516 2544 sed
540 2494 659 2565 captum
682 2486 775 2547 landis
799 2505 899 2546 amore

142 2581 185 2652 te,
208 2591 298 2653 puer,
321 2575 353 2632 in
375 2580 494 2633 nostrae
519 2574 612 2634 durus
635 2581 782 2635 tormenta
806 2584 942 2635 senectae

141 2678 222 2719 niano
245 2659 363 2722 lacerat.
410 2660 496 2720 celsis
520 2679 557 2721 an
581 2664 606 2721 si
629 2663 705 2722 freta
728 2662 878 2742 puppibus
901 2671 1003 2724 essent

141 2750 259 2828 peruia,
283 2767 343 2809 non
366 2749 447 2808 ultro
468 2751 595 2810 iuuenes
618 2751 803 2830 classemque
827 2747 998 2813 dedissem?
1109 2764 1162 2815 rao

142 2855 160 2895 o
184 2837 307 2918 donnae,
330 2856 347 2896 o
371 2838 441 2897 freti
464 2840 645 2917 nequiquam
667 2840 751 2919 prole
774 2835 921 2920 penatesi'
1107 2838 1110 2843 ’

142 2924 217 2986 dixit
240 2934 269 2986 et
293 2926 440 3007 extemplo
464 2927 550 2988 furiis
572 2931 675 3007 iraque
699 2929 806 2990 minaci

142 3012 286 3075 terribilis
310 3010 392 3076 ‘sunt
414 3015 463 3077 hic
486 3019 575 3078 etiam
598 3027 648 3079 tua
671 3018 810 3098 uulnera,
833 3018 953 3098 praedo,

143 3110 214 3164 sunt
236 3103 373 3164 lacrimae
398 3123 544 3185 casusque
567 3102 675 3186 pares'
721 3108 810 3169 simul
833 3106 956 3168 aedibus
979 3105 1048 3167 altis

141 3191 224 3268 itque
249 3192 384 3271 reditque
409 3195 539 3254 fremens
562 3213 724 3274 rerumque
748 3197 910 3275 asperrima
934 3204 1046 3256 uersat.
1108 3206 1160 3258 725

142 3276 279 3339 Bistonas
303 3281 339 3339 ad
362 3284 485 3343 meritos
508 3302 576 3343 cum
600 3301 712 3344 cornua
735 3301 824 3343 saeua
847 3281 1007 3359 Thyoneus

143 3368 232 3425 torsit
255 3375 285 3426 et
308 3367 410 3428 infelix
432 3372 491 3430 iam
513 3371 594 3432 mille
617 3369 770 3432 furoribus
792 3369 932 3448 Haemus,

143 3451 202 3510 iarn
225 3451 385 3534 Rhodopes
408 3474 530 3519 nemora
553 3459 611 3519 alta
633 3464 768 3537 gemunt,
792 3455 881 3517 talem
904 3459 995 3518 incita
1018 3459 1116 3541 longis

140 3539 310 3619 porticibus
333 3546 523 3625 coniunxque
547 3548 623 3625 fugit
645 3547 767 3622 natique
789 3540 966 3623 Lycurgum.
