2362 3938
151 190 213 256 622
430 208 535 245 oouarn
553 208 660 246 ruriam
677 208 744 244 insu.
763 210 821 244 anu.

151 338 290 395 stitutorio
303 336 347 394 uel
358 337 518 395 exhibitorio
528 340 672 396 interdicto
684 339 801 410 reddito,
817 339 947 413 siquidem
962 331 1104 394 arbitrum¹

150 420 331 496 postulauerit
345 422 380 493 is,
396 438 457 478 eum
473 439 527 495 quo
544 426 644 496 agitur,
659 423 803 479 formulam
819 424 915 496 accipit
930 421 1104 493 arbitrariam,

150 521 199 579 per
214 520 295 578 quam
310 504 421 577 arbiter,
438 498 442 582 l
460 504 528 563 ’nisi
548 508 670 564 arbitrio
685 511 746 563 eius
766 511 937 563 restituatur
956 508 1003 562 uel
1023 507 1105 563 exbi-

151 590 264 654 beetur,
280 593 383 663 quanti
397 604 431 644 ea
447 604 495 645 res
509 593 556 661 stt,
573 593 765 647 condemnare
780 606 842 646 eum
857 583 997 646 iubetur.²

152 701 198 772 [td
213 704 306 768 Ulpiani
320 704 496 755 Institutionum
511 705 596 753 librum
615 705 716 767 primum
736 706 806 753 etiam
825 706 970 768 pertinuisse
989 705 1108 768 videntur,

151 790 211 839 quae
230 776 344 825 Boethius
363 775 435 825 habet
453 789 538 825 eorum.
557 775 581 823 in
600 773 648 824 Ciu.
669 775 728 838 Top.
751 776 791 824 lib.
811 777 840 824 ll.
856 777 893 826 ed.
909 777 995 825 Baiter.
1011 791 1034 839 p.
1050 787 1109 835 299„

152 847 227 908 magis
242 853 321 895 tamen
336 845 476 894 sententiam
491 859 561 908 quam
576 845 628 908 ipsa
642 846 713 894 rerba
728 843 867 912 referens}

237 954 332 1011 'fribus
348 954 435 1010 modis
447 971 515 1011 uxor
530 952 686 1024 habebatur,
704 971 764 1025 usu,
781 947 1047 1027 (eonlfarreatione,³
1062 972 1108 1010 eo·

195 1040 346 1113 emptioue;
369 1037 415 1094 sed
432 1037 611 1095 confarreatio
632 1038 699 1094 solis
720 1037 895 1112 pontilicibus
918 1037 1106 1099 conueniebat.

194 1122 266 1190 Quae
281 1130 371 1177 autem
386 1123 412 1176 in
428 1138 535 1177 manum
550 1138 600 1196 per
614 1123 812 1197 coemptionem
833 1129 1032 1193 conuenerant,
1055 1123 1106 1178 hae

193 1204 408 1261 matresfamilias
431 1204 608 1275 uocabantur,
631 1221 699 1279 quae
722 1222 788 1263 uero
812 1223 863 1262 usu
879 1206 922 1262 uel
946 1200 1107 1280 (eon)farre·

194 1280 315 1360 atione,³
343 1290 461 1345 minime.
516 1288 655 1362 Coemptio
683 1306 749 1346 uero
777 1292 860 1347 certis
889 1288 1107 1346 solemnitatibus

194 1371 383 1446 peragebatur,
399 1381 426 1428 et
436 1388 497 1429 sese
510 1373 538 1428 iu
550 1373 696 1429 coemendo
708 1374 824 1431 inuicem
834 1372 1049 1447 interrogabant,
1067 1376 1108 1428 uir

194 1459 241 1528 ita,
261 1473 294 1512 an
310 1455 406 1512 mulier
419 1455 469 1511 sibi
485 1456 684 1512 materfamilias
702 1473 761 1513 esse
776 1457 875 1526 uellet;
898 1452 944 1513 illa
958 1457 1107 1530 responde·

194 1539 254 1615 bat,
277 1539 357 1597 uelle.
401 1541 465 1595 item
489 1539 585 1596 mulier
606 1540 805 1613 interrogabat,
827 1559 861 1597 au
883 1542 926 1596 uir
943 1539 993 1596 sibi
1015 1550 1107 1614 pater-

195 1623 307 1680 familias
323 1639 383 1679 esse
397 1623 492 1694 uellet,
510 1623 556 1679 ille
572 1624 761 1698 respondebat,
783 1624 863 1681 uelle.
901 1625 994 1698 ltaque
1009 1624 1106 1680 mulier

195 1709 247 1763 uiri
262 1706 438 1764 conueniebat
453 1709 480 1763 in
497 1723 617 1780 manum,
639 1716 667 1763 et
681 1708 855 1765 uocabantur·
869 1708 918 1764 hae
933 1709 1043 1782 nuptiae
1058 1724 1108 1781 per

196 1791 402 1864 coemptionem,
420 1800 448 1847 et
463 1799 519 1846 erat
534 1791 630 1848 mulier
645 1791 853 1861 materfamilias,
875 1793 934 1847 uiro
949 1791 1010 1850 loeo
1026 1789 1106 1849 filiae.

196 1872 280 1942 Quam
295 1873 492 1931 solemnitatem
508 1877 534 1931 iu
550 1876 607 1933 suis
621 1875 754 1932 institutis
769 1876 896 1949 Ulpianus
912 1876 1046 1948 exposuit.

228 2039 247 2107 ¹)
262 2042 385 2090 arbitrium
400 2043 457 2092 edd.
469 2056 488 2092 1.
499 2055 520 2093 a.
536 2045 597 2092 uitio
613 2051 738 2107 typorum.
791 2039 810 2101 ²)
826 2042 870 2091 Ad
883 2044 1032 2091 sententiam
1047 2058 1107 2105 eup-

149 2113 228 2176 pteui.
259 2112 296 2175 Cf.
314 2110 526 2173 Gai.t,1utt.1ea.
579 2110 599 2177 ³)
615 2127 660 2161 con
675 2114 749 2161 initio
764 2113 864 2161 addidi.
884 2112 1026 2160 farreatione
1043 2113 1106 2161 Gdd.

153 2182 211 2232 edd.
226 2183 301 2231 etiam
316 2197 384 2231 areae
399 2195 418 2231 1.
433 2193 454 2231 a.
