2362 3938
133 198 173 264 18
475 194 504 250 C.
522 195 660 251 VALERI
677 193 807 251 Fundet

131 349 240 427 puppis
263 347 294 406 iu
319 344 449 406 oblicum
471 362 596 406 resonos
619 343 696 405 latus
720 344 827 422 accipit
849 345 938 424 ictuS,

131 434 199 496 uela
222 452 314 514 super
337 433 500 496 tremulum
519 432 636 493 subitus
659 431 815 493 uolitantia
837 431 949 493 malum
1101 445 1148 494 620

134 520 223 584 turbo
246 525 332 603 rapit.
380 524 431 601 qui
454 529 519 582 tum
541 520 648 600 Minyis
671 519 891 599 trepidantibus
914 519 1033 602 horror,

133 631 202 673 cunr
224 613 302 692 picei
325 611 437 671 fulsere
460 610 521 689 poli
544 608 742 688 pauidamque
767 627 910 669 coruscae

134 708 202 761 aute
225 706 323 761 ratem
346 698 481 760 cecidere
505 698 599 779 laces,
622 705 819 776 antemnaque
843 696 930 757 laeuo

133 806 228 870 prona
251 788 454 849 dehiscentem
478 804 571 846 cornu
597 804 665 846 cum
689 785 810 846 sustulit
833 783 957 846 undam!

133 896 194 938 nou
216 876 346 937 hiemem
369 878 536 954 missosque
560 882 667 953 putant
690 891 872 952 consurgere
896 880 1006 934 uentos
1102 885 1147 935 625

133 967 242 1046 ignari,
266 965 319 1025 sed
342 964 400 1024 tale
424 963 543 1023 lretum.
589 970 654 1023 tum
677 980 831 1022 murmure
854 971 970 1023 maesto

135 1049 202 1113 ‘hoc
226 1060 290 1112 erat
313 1052 440 1112 inlicitas
465 1060 612 1111 temerare
636 1050 814 1111 rudentibus
836 1051 933 1111 undas

134 1139 215 1220 quod
238 1142 333 1200 nostri
357 1141 483 1198 timuere
506 1146 616 1216 patres.
662 1141 713 1198 uix
736 1138 823 1199 litore
846 1157 980 1217 puppem

134 1228 292 1308 soluimus,
305 1235 347 1285 ‘et
370 1235 480 1305 quanto
504 1226 627 1286 fremitu
651 1245 683 1287 se
707 1226 829 1287 sustulit
852 1226 967 1306 Aegon!

129 1315 240 1375 hocine
265 1313 397 1393 Cyaneae
421 1323 607 1375 concurrunt
630 1333 759 1394 aequore
783 1312 907 1376 cautes?
1103 1327 1149 1377 630

109 1411 112 1415 ’
134 1405 251 1465 tristius
275 1421 312 1463 an
335 1404 453 1463 miseris
477 1410 615 1482 superest
638 1400 741 1464 mare?
763 1403 903 1484 linquite,
926 1412 1038 1486 terrae,

135 1510 220 1572 spem
242 1491 339 1571 pelagi
362 1509 523 1570 sacrosque
546 1494 658 1552 iterum
681 1494 815 1571 seponite
839 1488 970 1554 fluctus?

135 1583 209 1642 haec
232 1582 343 1642 iterant
365 1583 449 1660 segni
471 1580 578 1641 ilentes
602 1580 780 1641 occumbere
803 1580 872 1641 leto.

136 1671 340 1749 magnanimus
364 1677 478 1749 spectat
500 1669 655 1748 pharetras
679 1677 709 1729 et
731 1669 836 1730 inutile
859 1659 953 1730 robur

136 1757 427 1839 Amphitryoniadem
450 1760 577 1819 miscent
600 1776 739 1838 suprema
761 1766 906 1837 pauentes
1103 1769 1149 1819 635

135 1845 229 1907 uerba
252 1846 301 1906 alii
323 1849 509 1926 iuugcmtque
533 1864 638 1907 manus
662 1847 757 1925 adque
781 1865 833 1906 ora
857 1847 982 1924 latigaut

136 1942 259 2015 aspectu
282 1937 313 1995 in
336 1937 446 1995 misero
469 1938 561 2017 uotis,
586 1953 655 1995 cum
677 1937 815 2014 protinus
838 1934 924 1995 alnus

137 2023 265 2084 soluitur
289 2031 319 2083 et
341 2031 427 2083 uasto
450 2026 559 2104 puppis
582 2042 663 2084 mare
688 2023 789 2083 sorbet
812 2023 903 2084 hiatu.

136 2111 216 2172 illam
239 2111 298 2171 huc
322 2119 410 2190 atque
433 2111 504 2172 illuc
528 2130 608 2173 nunc
631 2120 776 2191 torquens
799 2111 941 2172 uerberat
963 2110 1076 2173 Eurus.

138 2217 218 2259 nunc
242 2198 372 2259 stridens
386 2199 529 2279 Zephyris
552 2202 650 2261 aufert
663 2200 771 2280 Notus;
795 2201 928 2280 undique
953 2200 1077 2262 seruent
1102 2212 1153 2262 640

138 2304 280 2368 aequora,
304 2306 373 2347 cum
397 2286 514 2348 subitus
537 2289 636 2348 trifida
658 2289 815 2368 Neptunus
838 2292 869 2349 ln
887 2289 972 2349 hasta

139 2374 309 2435 caeruleum
333 2377 424 2434 lrmdo
449 2385 538 2456 caput
561 2376 673 2437 extulit.
721 2373 807 2437 ‘hanc
831 2377 903 2438 mihi
926 2376 1023 2437 Pallas

139 2469 170 2520 et
192 2480 278 2521 soror
301 2458 389 2521 hanc'
412 2465 510 2541 iuquit
534 2459 680 2525 ‘mulcens
704 2483 768 2526 mea
790 2474 912 2545 pectora
935 2466 1010 2526 fletu

139 2548 328 2629 abstulerint3
352 2552 475 2611 ueniant
497 2551 620 2612 Phariae
645 2553 810 2632 Tyriaeque
834 2557 950 2615 carinae

140 2639 379 2716 permissumque
402 2645 517 2717 putent.
564 2643 702 2717 quotiens
724 2660 794 2701 mox
816 2651 901 2720 rapta
924 2642 1034 2703 uidebo
1106 2655 1156 2705 645

138 2723 204 2785 uela
228 2727 307 2785 notis
330 2725 491 2804 plenasque
515 2727 599 2787 malis
623 2729 802 2791 clamoribus
825 2730 931 2792 undas!

138 2832 199 2873 non
222 2832 306 2874 meus
330 2813 422 2874 Orion
446 2823 496 2876 aut
520 2834 627 2878 saeuus
651 2817 750 2879 Pliade
774 2819 891 2880 Taurus

138 2905 245 2963 mortis
269 2921 357 2964 eausa
380 2922 484 2964 nouae.
530 2908 648 2966 miseris
671 2915 704 2968 tu
728 2908 880 2990 gentibue,
903 2909 991 2989 Argo,
1066 2916 1069 2919 '

139 2992 198 3052 fata
220 3010 320 3074 paras,
344 3011 400 3054 uec
423 2995 481 3054 iam
504 2997 612 3056 merito
635 2995 704 3077 tibi,
727 2996 836 3078 Tiphy,
860 2999 995 3075 quietum

138 3079 198 3140 ulla
220 3099 328 3159 parens
352 3082 434 3142 uolet
455 3082 588 3162 Elysium
611 3103 773 3164 manesque
797 3080 936 3165 piorum?
1105 3097 1155 3147 650

136 3166 211 3227 haec
236 3172 277 3229 ait
301 3176 331 3230 et
353 3179 479 3249 pontum
501 3181 587 3249 pater
611 3192 644 3233 ac
667 3173 786 3234 turbata
810 3176 930 3251 reponit

137 3253 225 3315 litora
249 3257 429 3336 depellitque
453 3268 553 3341 notos,
578 3279 653 3339 quos
677 3260 814 3321 caerulus
837 3260 945 3320 horror

139 3349 169 3400 et
191 3344 308 3403 madido
332 3349 432 3423 grauis
455 3348 535 3407 unda
559 3350 626 3408 sinu
649 3349 795 3426 longeque
819 3355 941 3408 secutus
1031 3388 1033 3393 =
1139 3340 1144 3348 ’

136 3426 235 3488 imber
258 3433 293 3490 ad
317 3432 434 3493 Aeoliae
458 3436 585 3496 tendunt
608 3435 695 3496 simul
719 3451 848 3510 aequora
870 3444 984 3513 portae.

136 3516 261 3579 emicuit
283 3529 414 3581 reserata
438 3523 501 3583 dies
525 3523 699 3601 caelumque
721 3519 846 3580 resoluit
1096 3538 1157 3588 ess
