2362 3938
113 203 160 269 40
456 201 484 258 0.
503 200 642 255 VALERI
660 199 791 256 TLAOCI

114 361 251 431 pastores
274 353 448 429 magnisque
472 357 578 428 petunt
602 349 780 410 clamoribus
803 349 918 430 urbem.
1166 406 1179 427 Ι,

115 442 240 501 nuntius
262 439 333 499 hinc
357 441 453 499 socios
477 438 619 498 Telamon
642 446 743 518 uocat,
767 455 801 497 ac
825 439 914 498 sinnii
937 441 998 519 ipsi
1085 450 1129 503 tto

115 528 296 588 horrescunt
319 527 478 605 subitoque
501 526 606 587 uident
628 528 659 587 in
683 527 826 604 sanguine
849 545 991 607 puppem.
1177 542 1179 547 ·

116 635 172 678 nec
195 619 294 678 minus
317 618 348 676 iu
372 615 512 694 scopulos
536 616 681 694 crudique
705 616 859 675 cacumina
882 618 945 675 saxi

116 708 222 767 emicat
245 705 362 765 Alcides
384 703 551 781 uinclisque
575 702 747 764 tenentibus
770 703 867 763 aufert

115 795 269 872 uirgineas
292 793 329 853 de
353 811 428 872 rupe
450 809 557 852 manus
580 799 718 870 aptatque
743 791 881 871 superbis

117 900 198 943 arma
221 883 346 960 umeris3
370 899 471 959 regem
495 880 563 940 inde
586 888 693 960 petens
716 879 875 958 superabat
898 889 1009 942 ouante
1065 894 1131 944 ’545

116 970 203 1030 litora
226 978 290 1032 tuta
313 970 420 1049 gradu,
444 969 539 1047 qualis
561 987 616 1047 per
639 986 749 1047 pascua
771 969 870 1029 uictor

116 1058 296 1138 ingreditur,
320 1066 384 1118 tum
408 1056 482 1117 colla
505 1064 637 1136 tumens,
661 1065 725 1116 tum
748 1057 856 1117 celsior
879 1060 971 1118 armis

117 1155 235 1225 tauruS,
258 1145 309 1206 uhi
333 1145 449 1205 adsueti
471 1147 589 1222 pecoris
613 1144 728 1205 stabula
752 1145 809 1206 alta
831 1147 938 1206 reuisit

116 1243 147 1294 et
168 1235 299 1312 patrium
322 1250 428 1292 nemus
452 1239 483 1291 et
504 1231 582 1291 hello
607 1250 682 1310 quos
706 1233 787 1294 ultus
811 1251 934 1294 amores.

161 1320 256 1381 Obuia
276 1323 324 1380 cui
348 1327 453 1380 contra
475 1319 571 1398 longis
595 1337 710 1380 emersa
733 1321 866 1382 tenebris
1085 1337 1136 1386 555

117 1409 205 1470 turba
228 1408 380 1488 Phrygum
403 1425 588 1487 paruumque
613 1408 734 1469 trahens
759 1429 827 1470 cum
851 1412 977 1490 coniuge
1001 1421 1106 1476 natum

115 1497 299 1578 Laomedon3
321 1501 380 1559 iam
404 1506 535 1558 maestus
559 1515 665 1577 equos,
688 1500 746 1558 iam
769 1499 868 1559 dehita
890 1502 974 1579 posci

117 1587 194 1648 dona
217 1588 316 1666 gemit.
344 1604 414 1667 pars
437 1587 511 1646 aerii
533 1586 650 1665 fastigia
672 1589 752 1647 muri

117 1678 209 1753 cingit
232 1683 263 1736 et
285 1678 395 1754 ignotis
418 1677 560 1735 iuuenem
582 1677 731 1736 mirantur
754 1677 784 1735 in
809 1678 906 1736 armis.

116 1763 199 1824 illum
223 1772 310 1824 torua
332 1771 420 1825 tuens
443 1763 540 1841 adque
562 1765 625 1822 acri
647 1762 782 1824 lubricus
805 1771 871 1824 astu
1083 1779 1136 1829 555

116 1870 170 1912 rex
194 1852 275 1918 subit
293 1859 323 1912 et
345 1853 442 1932 patrio
465 1851 544 1911 latur
566 1850 642 1910 male
665 1851 761 1912 laetus
784 1870 898 1913 amore:

117 1935 255 2002 ‘maxime
279 1941 494 2018 Graiugenum,
518 1957 607 2017 quem
630 1957 690 1999 non
714 1940 801 2019 Sigea
822 1948 975 2019 petentem

68 2044 71 2049 ’
116 2029 204 2090 litora
226 2047 282 2089 nec
305 2036 424 2089 nostrae
448 2030 641 2088 miserantem
663 2029 769 2088 lunera
792 2028 898 2088 Troiae

118 2118 231 2198 adpulit
254 2117 301 2177 his
324 2117 386 2176 sors
408 2118 472 2194 ipsa
494 2115 582 2196 locis,
605 2118 632 2176 si
653 2134 726 2176 uera
749 2124 903 2195 parentem

117 2206 195 2267 lama
218 2205 320 2266 louem
343 2205 510 2282 summique
534 2204 589 2264 tihi
612 2222 706 2282 genus
730 2223 795 2266 esse
819 2205 972 2287 Tonantis,
1082 2221 1136 2270 550

117 2302 221 2353 noster
245 2293 314 2353 ades
337 2294 507 2370 iunctisque
531 2293 630 2372 uenis3
654 2299 734 2353 sator
757 2311 836 2354 unus
860 2302 890 2353 et
912 2294 992 2355 idem

117 2383 220 2459 stirpis
242 2381 353 2460 honos,
377 2398 555 2458 quamquam
577 2379 673 2458 longis
697 2380 894 2461 disiungimur
917 2385 987 2444 oris.

116 2476 189 2547 quot
211 2468 286 2528 mihi
307 2475 375 2547 post
397 2467 542 2547 lacrimas,
565 2476 634 2545 post
657 2477 766 2546 quanta
789 2469 903 2549 piacula
926 2478 1047 2551 patrum

55 2590 58 2595 <
115 2574 202 2616 serus
225 2554 308 2616 ades!
332 2573 420 2633 quam
443 2572 535 2633 parua
558 2558 618 2614 tuis
641 2558 699 2616 iam
722 2558 814 2636 gloria
837 2557 935 2620 lactis!

114 2662 221 2704 uerum
245 2662 297 2722 age
320 2661 400 2703 nunc
424 2645 521 2701 socios
545 2642 685 2702 fraternis
707 2646 863 2707 moenibus
885 2649 977 2728 inier3
1084 2662 1140 2712 555

114 2733 243 2792 crastina
261 2731 317 2792 lux
339 2731 454 2808 biiuges
478 2730 602 2791 stabulis
625 2733 763 2793 ostendet
785 2731 915 2815 apertis?

115 2821 230 2881 dixerat
251 2820 333 2901 haec3
356 2821 521 2897 tacitosque
545 2819 628 2880 dolos
652 2820 809 2901 dirumque
833 2824 948 2886 uolutat

114 2910 204 2970 corde
228 2909 324 2990 nefas,
348 2908 481 2969 clausum
503 2917 538 2968 ut
560 2908 695 2970 thalamis
719 2930 883 2991 somnoque
907 2922 1064 2992 grauatum

113 2999 247 3060 immolet
270 3007 300 3058 et
322 3006 406 3077 rapta
428 2997 510 3058 ludat
532 3016 675 3077 respousa
697 2999 850 3079 pharetra:

114 3105 242 3166 namque
265 3087 311 3147 his
334 3086 490 3147 Herculeis
514 3086 617 3147 deberi
638 3086 781 3166 Pergama
804 3090 871 3151 telis
1082 3105 1139 3157 ,tao

113 3175 256 3236 audierat.
279 3174 390 3236 Priami
413 3175 465 3235 sed
489 3178 556 3253 quis
578 3177 637 3234 iam
660 3184 797 3236 auertere
820 3181 920 3254 regnis

113 3261 172 3322 lata
196 3258 306 3342 queat?
329 3270 428 3323 manet
451 3264 581 3322 immotis
604 3281 662 3323 nox
685 3262 791 3322 Dorica
813 3265 916 3323 lustris

114 3356 144 3407 et
167 3368 262 3426 genus
286 3350 456 3411 Aeneadum
480 3357 510 3409 et
533 3349 638 3410 Troiae
661 3349 793 3428 melioris
816 3350 953 3412 honores.

114 3431 193 3494 ‘uos'
217 3439 258 3496 ait
282 3433 329 3498 ‘ad
354 3432 497 3517 Scythiei'
521 3436 694 3516 Tirynthius
717 3432 805 3496 ‘ostia
827 3441 911 3513 ponti

112 3530 211 3602 raptat
233 3525 304 3604 iter;
327 3543 395 3586 mox
417 3526 477 3586 huc
499 3534 617 3585 uestras
639 3523 820 3584 reuchemur
843 3526 879 3586 ad
902 3545 970 3590 oras
1080 3544 1135 3596 575
