2362 3938
503 155 554 207 AD
573 154 640 209 LlB.
660 157 694 211 ΙΙ.
1006 159 1097 214 XXIX

79 336 124 346 -
149 306 219 378 post
246 305 320 363 haec
342 304 437 362 uerba
460 306 564 379 aperte
587 304 742 374 intercidit
773 323 889 366 uersus.
934 324 1005 367 num
1027 327 1097 367 cum

78 410 153 469 pers
176 392 313 456 uirorum
336 392 468 467 effligere
490 392 624 451 uoluisse
647 393 778 470 dicutur,
806 395 879 471 quid
903 395 992 454 alieri
1015 398 1097 472 persi

78 482 196 540 fuctum
220 480 260 538 sii
283 481 358 539 scire
381 481 526 555 cupimus.
571 480 641 540 hinc
668 481 807 557 suppleui
840 475 922 558 ‘pers
956 483 1026 544 inde
1052 485 1096 543 ui-

77 588 184 628 rorum
198 571 376 643 consumpte
388 569 421 626 in
435 586 538 628 somne
552 559 703 628 flammis’.
721 589 792 628 nem
805 569 948 629 librarius
963 590 981 629 a
994 576 1095 648 priore

80 650 178 732 ‘pers'
201 657 241 715 ed
264 658 394 717 alienum
416 657 572 717 aberrauit
594 658 696 717 oculis.

172 747 235 805 243
274 763 342 805 erse
376 745 533 804 Heinsius:
574 762 628 805 cra
664 746 700 804 V.
740 777 778 786 -··
816 748 940 820 furculis
976 748 1096 822 scripsi:

82 836 196 892 ruentes
218 834 254 891 V.
1067 845 1069 847 ’

172 924 237 980 250
261 924 329 981 lacti
352 922 471 997 scripsi:
494 923 566 981 laesi
579 921 615 979 V.
639 915 747 980 ‘suerri'
760 922 938 999 Meynckius
960 923 976 981 I
998 943 1027 999 p.
1043 925 1095 982 38.

173 1011 235 1070 259
275 1011 367 1069 tholus
401 1011 450 1068 Fr.
487 1009 647 1068 Jacobsius
685 1006 793 1084 [addit.
829 1011 1029 1071 animaduers.
1064 1013 1098 1071 in

81 1099 233 1156 Athenaei
252 1098 455 1173 Deipncseph.
479 1119 507 1173 p.
522 1096 593 1172 lsi:
617 1099 721 1157 chorus
734 1098 771 1174 V,
794 1097 874 1175 quod
887 1118 983 1175 nuper
996 1100 1098 1177 inepte

82 1185 218 1244 defendit
240 1186 435 1245 Schenkelius
460 1183 563 1260 [stud.
575 1206 605 1262 p.
630 1184 696 1261 97].

174 1277 238 1335 270
262 1276 355 1334 elatus
377 1274 533 1335 Heinsius:
556 1275 670 1334 uelatus
692 1275 729 1334 V.

173 1365 235 1422 271
261 1366 293 1421 ic
315 1365 402 1422 niuea
426 1363 545 1438 scripsi:
568 1366 657 1422 ciues
679 1363 716 1422 V.

173 1452 238 1509 280
262 1452 404 1510 occuleret
430 1470 466 1509 ex
488 1450 517 1508 V
544 1451 680 1526 restitui3
707 1451 743 1509 cf.
771 1451 850 1510 Phil.
872 1451 1044 1528 Wagnerus
1067 1453 1098 1511 H

172 1631 242 1702 posi
272 1649 301 1686 u.
334 1629 397 1686 283
426 1628 515 1686 unius
547 1645 655 1685 uersus
686 1626 826 1684 lacunam
852 1627 990 1687 indicaui.
1040 1628 1100 1686 uiri

82 1715 166 1775 docti
187 1734 255 1774 cum
278 1736 307 1774 u.
328 1717 391 1774 284
406 1715 554 1774 creditum
577 1707 631 1774 ‘et’
655 1714 687 1774 in
710 1707 766 1773 ‘ut'
789 1714 840 1773 uel
863 1707 940 1775 ‘sed'
964 1715 1014 1774 uel
1027 1709 1098 1776 ‘esi’

81 1806 250 1880 mutarent,
273 1822 333 1863 non
355 1806 535 1864 emouerent
556 1803 679 1862 nimium
702 1820 762 1878 quu
784 1803 867 1862 locus
889 1803 1009 1863 luberet
1031 1805 1097 1864 brc-

82 1893 219 1954 uitatem

174 1983 238 2040 294
261 1982 317 2040 heu
338 1998 435 2040 serrum
457 2000 493 2038 ex
516 1980 544 2038 V
567 1979 696 2040 restitui.

174 2071 237 2129 317
263 2074 289 2128 tc
315 2071 407 2128 eccle
430 2088 502 2144 ege,
526 2066 594 2127 Oete
616 2067 773 2128 Heinsius:
795 2069 926 2127 esuum
948 2066 1040 2126 laetae
1061 2066 1099 2127 V.

174 2159 238 2216 318
261 2158 383 2217 Phariis
405 2159 462 2231 feri
483 2156 640 2216 Heinsius:
658 2157 764 2230 pharii
784 2173 815 2216 sc
837 2155 874 2215 V.

175 2247 237 2304 319
262 2248 374 2306 essese
401 2264 488 2312 mam
513 2247 620 2304 iunctis
654 2244 774 2320 scripsi:
801 2245 1099 2305 reseruassemus

83 2334 126 2407 V:
160 2326 284 2393 ‘rexisse
312 2334 378 2392 uiss
410 2326 532 2392 iunctis'
566 2332 632 2391 edd.
659 2334 769 2409 inepte.
820 2351 891 2392 num
917 2332 997 2409 quod
1025 2331 1100 2393 Ceio

83 2425 116 2480 et
139 2421 268 2481 Proteus
292 2423 363 2480 elim
386 2422 425 2480 ad
447 2423 578 2482 insulem
600 2421 735 2480 Lemnon
756 2422 815 2481 iter
844 2424 999 2495 rexerunt,
1029 2421 1100 2498 quid

83 2509 155 2567 inde
178 2510 214 2568 de
237 2511 370 2586 Pclyxus
394 2510 511 2585 origine
534 2509 696 2569 coniectari
718 2509 837 2586 potuit?

175 2600 239 2658 320
262 2599 332 2658 laec
353 2601 421 2658 imis
444 2598 565 2672 scripsi:
589 2601 727 2672 summis
750 2598 778 2656 V
802 2591 970 2679 (praecedit
993 2590 1054 2676 ‘s').

175 2688 237 2744 322
262 2688 377 2746 desiere
399 2686 513 2744 addidi:
537 2705 595 2745 cm.
618 2686 654 2744 V.

175 2776 238 2832 323
263 2777 364 2834 melier
386 2774 545 2833 Heinsius:
569 2776 661 2834 leuior
683 2774 720 2832 V.

176 2864 238 2921 337
264 2865 298 2922 cb
321 2881 438 2922 sucrum
461 2862 581 2938 scripsi:
604 2864 655 2921 hcc
680 2864 792 2935 factrus
814 2863 851 2921 V.
874 2865 1008 2920 ceterum
1028 2878 1102 2919 num

85 2951 180 3009 latine
208 2951 305 3026 possit
334 2951 393 3009 dici
423 2945 515 3009 ‘isset
541 2941 749 3025 fulmen'prc
777 2968 812 3008 ec
836 2949 917 3026 quod
937 2950 986 3007 esi
1007 2939 1102 3013 finces

88 3039 206 3098 sonitus
229 3058 265 3097 ex
287 3039 464 3098 fulminibus
488 3036 632 3097 cudendis
655 3029 775 3111 criens',
803 3035 840 3095 de
866 3036 923 3094 hec
945 3053 977 3093 re
1001 3033 1101 3093 edmo-

88 3126 161 3185 dum
183 3126 297 3186 dubito.
343 3131 416 3202 pute
439 3126 597 3185 Valerium
624 3123 742 3184 dedisse
770 3117 882 3182 ‘moesi
908 3122 969 3180 ium
990 3137 1101 3180 numen

88 3215 120 3274 in
143 3209 251 3273 snsro'.
832 3211 836 3217 ’

179 3304 243 3362 338
268 3309 329 3376 uus
352 3304 471 3382 scripsi:
495 3321 560 3361 cum
582 3300 619 3360 V.

179 3393 243 3450 352
268 3409 324 3465 quo
345 3394 411 3465 fate
433 3390 591 3449 Heinsius:
613 3407 687 3461 quae
708 3389 774 3462 fala
796 3387 833 3445 V.

178 3480 242 3538 359
277 3497 390 3553 ursoque
419 3481 464 3539 dei
496 3479 635 3553 Paeqaee
669 3478 722 3536 uec
754 3479 812 3535 uus
847 3473 1042 3548 cereamque
1077 3476 1104 3534 cl
