2362 3938
452 207 575 245 nomurvs
594 209 730 246 vurmius·
1000 191 1065 258 565

109 330 238 386 Ueterum
256 329 374 383 illorum
392 329 481 398 probo
498 328 679 394 seni-entiam,
705 329 754 397 qui
775 329 860 384 variis
882 330 991 384 casibus
1008 330 1065 385 iam

107 414 163 452 non
179 396 361 458 definiendis,
381 396 457 450 haud
469 412 536 449 vero
549 397 627 449 certa
637 396 746 450 ratione
764 411 807 463 ea,
826 412 897 464 quae
910 399 940 450 in
951 398 1066 467 Ulpiani

107 465 178 520 libro
197 463 407 528 desiderantur,
424 463 541 532 periisse
559 465 669 531 putant,
686 463 728 517 ita
739 465 834 519 tamen
847 466 880 518 ut
890 466 968 519 casui
980 465 1066 519 etiarn

107 531 287 587 librariorum
309 531 426 585 fraudes
448 530 494 585 vel
511 530 593 582 unius
611 530 773 596 alteriusve,
797 530 846 598 qui
869 532 972 585 librum
989 534 1066 586 tran·

108 599 287 654 scribendum
306 598 403 661 daret,
426 597 625 666 parsimoniam
643 598 783 664 quaedam
800 599 892 653 minus
910 600 1067 653 necessaria

108 665 256 721 alibrario
279 681 338 718 non
362 665 523 744 exigentem
546 664 724 719 adnumerari
741 664 839 719 velim:
863 666 968 720 similes
991 667 1066 720 enirn

107 734 221 787 iniurias
245 732 335 786 etiam
358 730 422 784 Gau
444 731 596 800 epitomem
620 733 650 785 et
670 731 763 785 Paulli
786 732 945 786 Sententias
970 749 1066 801 passas

109 815 167 855 esse
183 801 306 853 constat.
342 797 405 851 Hoc
422 798 445 851 si
463 801 598 863 tenemus,
616 799 646 851 in
664 799 762 853 critica
779 799 935 853 exercenda
950 816 1007 853 non
1024 801 1066 853 in-

108 866 177 922 certi
194 868 225 920 et
241 866 319 920 inter
335 864 453 933 Ulpiani
476 867 505 919 et
526 866 694 919 breviatoris
712 882 827 919 manum
845 867 925 934 quasi
941 868 1066 935 suspensi

107 932 303 1012 titubabimus,
313 932 364 986 sed
377 933 481 1000 ubique
491 932 612 1001 Ulpiano
623 932 691 999 quid
704 933 829 1002 dignum,
840 933 910 999 quid
918 933 1066 1003 indiguum

107 1018 129 1055 u
189 1016 351 1054 uaeramus.

128 1003 150 1068 ι’
169 1017 261 1121 initio
279 1067 381 1120 harum
398 1065 580 1133 reliquiarum
597 1082 689 1135 pauca
706 1068 736 1120 et
752 1067 782 1120 in
799 1068 854 1121 fine
872 1067 963 1122 multa
976 1083 1065 1135 eaque

107 1135 183 1189 certe
206 1150 274 1188 casu
296 1133 427 1202 periisse,
450 1148 545 1186 omnes
568 1134 752 1191 consentiunt.
787 1133 829 1188 De
852 1135 946 1201 initio,
969 1135 1019 1188 ubi
1035 1135 1065 1188 in

108 1201 138 1260 C.
155 1199 222 1256 var.
246 1201 319 1254 hano
343 1200 424 1254 velut
443 1199 655 1267 inscriptionem
676 1219 759 1255 rncrr.
784 1220 877 1256 rmum
894 1221 929 1254 ux
947 1219 1065 1255 cosroen

107 1285 221 1323 rursm
240 1268 344 1321 ‘Mores
362 1268 428 1320 sunt
445 1267 546 1320 tacitus
564 1284 713 1321 consensus
730 1269 828 1337 populi
850 1269 935 1338 longa
952 1284 1065 1323 consue-

108 1335 206 1391 tudine
225 1335 415 1389 inueteratus’
435 1335 540 1402 excipit
556 1334 642 1388 index
659 1335 820 1401 titulorum,
839 1336 941 1390 deinde
959 1352 1063 1397 versus,

108 1403 130 1456 si
147 1402 200 1456 illa
218 1410 323 1455 ‘mores
336 1439 364 1455 ..
381 1443 388 1456 .
406 1401 591 1454 inueteratus’
610 1417 800 1468 connumeras,
819 1403 862 1456 bis
878 1403 988 1471 septeni
1000 1403 1066 1456 deni

109 1469 220 1524 inverso
247 1469 347 1523 ordine
375 1468 472 1535 scripti
494 1470 571 1533 sunt,
598 1468 750 1523 bellissima
772 1471 815 1524 est
837 1471 866 1523 et
894 1471 961 1524 satis
989 1471 1066 1524 certa

108 1535 277 1591 Mommseni
294 1532 465 1612 coniectura,
483 1535 581 1613 husin
599 1535 694 1589 codice
706 1537 763 1614 iam
774 1536 882 1601 mutilo,
900 1537 1066 1614 undeuVati·

110 1601 1066 1749 tremi’statibilitatemtrieteride

111 1753 147 1791 aa
164 1739 386 1804 transcnpsisse.
421 1734 476 1788 Sed
495 1736 549 1790 duo
568 1737 671 1791 addere
690 1736 768 1792 hcet:
787 1738 917 1807 primum,
936 1738 1007 1791 1llud
1023 1738 1065 1791 fo-

111 1802 177 1856 lium
189 1804 219 1856 in
229 1803 387 1857 vetustiore
400 1802 495 1856 codice
509 1803 632 1872 corporis
641 1804 757 1873 Ulpiani
768 1807 941 1873 postremum
954 1806 1065 1873 quater·

112 1870 200 1925 aionis
219 1869 307 1923 tuisse
331 1868 436 1934 videri,
463 1870 492 1921 in
519 1887 575 1938 quo
597 1871 678 1924 solito
701 1887 777 1924 more
800 1872 906 1939 pariter
928 1874 1013 1938 atque
1035 1872 1065 1924 in

113 1936 1065 2072 cucurrerimussiris,sermunculus

113 2071 231 2140 paginae
249 2070 391 2148 scriptura
414 2078 517 2124 ‘mores
539 2075 613 2125 sunt’
637 2073 703 2137 eto.;
727 2071 780 2125 hoc
805 2071 880 2125 enim
903 2071 961 2125 sine
980 2071 1066 2125 dubio

113 2139 199 2192 movit
213 2137 373 2203 libranum,
391 2138 450 2191 tam
467 2139 499 2191 ut
516 2138 588 2192 hanc
626 2139 738 2207 aginam
756 2139 838 2204 quasi
855 2138 1065 2207 inscriptionem

114 2206 303 2260 continentem
329 2220 381 2273 pro
407 2205 545 2258 anteriore
577 2205 614 2258 ha
634 2207 706 2270 eret,
735 2223 820 2274 quarn
845 2208 879 2259 ut
904 2206 991 2259 verba
1016 2206 1067 2260 illa

113 2279 211 2326 ‘mores
226 2312 232 2324 .
245 2315 251 2328 .
263 2313 269 2324 .
283 2271 475 2337 inueteratus',
495 2272 526 2324 in
538 2272 607 2338 cod,
620 2289 683 2326 oum
696 2273 933 2327 introductionem
944 2273 1065 2338 finirent,

113 2338 333 2406 assequentibus
355 2337 446 2407 spatio
473 2339 618 2404 distincta,
646 2339 794 2394 deficiente
817 2342 910 2394 cetero
931 2340 961 2393 ui
982 2341 1066 2394 titulo

111 2405 249 2540 triduis
278 2405 1066 2543 ‘tellitelitiumriserit&illitu

470 2513 475 2525 ·
696 2513 704 2539 r

60 2537 247 2594 rmrmfenore
296 2541 357 2592 arte
387 2539 538 2592 abscissum
564 2540 664 2605 suisse3
695 2556 761 2594 nam
786 2558 839 2595 nec
864 2541 1066 2609 septemdecim

111 2621 207 2660 versus
234 2555 300 2660 Vuis
326 2605 431 2683 codicis
456 2606 585 2684 integrae
613 2607 735 2684 paginae
754 2608 916 2684 sufficiunt,
947 2611 980 2661 ut
1009 2609 1066 2661 iam

109 2671 308 2727 lachmannus
325 2673 402 2727 recte
418 2672 566 2741 iudicant,
583 2675 613 2728 et
629 2690 668 2727 s1c
686 2674 853 2744 exphcatur,
872 2691 958 2743 quare
976 2676 1067 2728 utros-

109 2844 229 2894 msnrsse,
244 2845 314 2894 quem
328 2832 442 2894 grandem
456 2840 481 2881 et
495 2832 602 2896 inprimis
617 2834 725 2882 versibus
736 2842 772 2883 sat
781 2834 857 2896 longis
867 2836 982 2898 scriplum
993 2834 1066 2883 luisse

109 2902 210 2950 eredere
228 2916 273 2965 par
292 2909 342 2964 esi,
361 2902 413 2951 eius
431 2903 466 2951 rel
487 2903 563 2951 adhuc
582 2903 644 2952 aliud
664 2918 756 2967 quoque
775 2906 899 2966 vestigium
913 2911 1023 2968 superest
1041 2906 1066 2953 in

108 2971 213 3035 quodam
227 2972 339 3021 viliorum
353 2987 448 3034 genere,
463 2973 486 3021 in
500 2973 612 3022 Vaticano
628 2974 690 3037 cod,
705 2975 767 3038 quod
783 2976 886 3024 editores
902 2976 968 3036 sugit,
983 2975 1066 3022 admo·

108 3042 164 3091 dnm
184 3042 316 3106 frequenti,
337 3043 379 3091 sed
398 3049 423 3090 ei
441 3057 468 3091 eo
488 3044 560 3092 multo
582 3044 721 3107 antiquiore.
751 3045 810 3094 lllud
825 3046 892 3106 dico,
912 3044 975 3108 quud
993 3057 1065 3106 saepe

107 3112 223 3161 vocabula
238 3113 330 3174 singula
345 3113 381 3162 vel
396 3113 517 3176 complura
533 3115 678 3176 exciderunt,
693 3130 752 3178 quae
768 3116 843 3164 alieno
858 3115 910 3163 loco
921 3127 982 3160 nunc
992 3112 1065 3161 inter·

108 3183 165 3231 dnm
180 3183 263 3231 multis
277 3181 331 3248 (sed
346 3191 370 3232 et
384 3182 506 3248 brevibus)
521 3185 629 3233 versibus
645 3185 747 3233 distante
762 3186 850 3234 inserta
865 3189 927 3243 sunt,
941 3181 1034 3244 reluta,
1044 3195 1065 3235 a.

105 3254 1065 3320 assass,s.a,r·.11,s.ro,1.nascas.anu-artasatis.

105 3334 140 3384 ss,
154 3336 177 3375 s.
193 3334 214 3374 s.
229 3335 263 3374 ro.
279 3335 312 3374 n.
329 3335 362 3374 ιι.
382 3335 417 3382 aa,
434 3334 453 3373 r.
474 3334 555 3387 ns,1s.
576 3335 610 3386 ae,
625 3336 644 3375 1.
674 3325 724 3374 lloc
740 3324 814 3384 enim,
830 3338 883 3372 cum
897 3337 956 3387 quae
971 3325 1066 3374 excide-

105 3402 172 3456 rant,
193 3394 262 3442 initio
282 3408 295 3442 e
314 3394 413 3456 regione
432 3394 462 3442 ad
481 3395 609 3456 marginem
629 3397 736 3459 suppleta
755 3408 808 3442 esse
827 3394 930 3457 putanda
950 3395 1009 3456 siut,
1029 3396 1066 3443 vix

105 3465 157 3515 lieri
171 3464 259 3528 poluit,
274 3464 322 3514 nisl
337 3465 460 3527 antiquum
475 3464 539 3513 illum
555 3465 669 3529 codicem,
681 3466 703 3513 in
714 3479 759 3528 quo
770 3464 802 3512 ita
812 3465 985 3528 inserebantur,
996 3480 1065 3528 prae·

105 3534 190 3597 longos
203 3549 288 3585 versus
302 3534 417 3585 habuisse
432 3548 515 3596 ponas.
