2362 3938
330 1078 544 1161 lllllllllllS
572 1077 844 1161 annullato.

169 1385 200 1445 C.
220 1384 353 1445 Valerius
376 1386 500 1446 Flaccus
523 1405 595 1446 num
619 1396 746 1446 mortem
769 1385 873 1446 obiens
897 1387 1093 1465 Argonautica

77 1475 113 1532 ad
142 1474 233 1533 finem
259 1475 403 1552 perducta
430 1477 488 1534 iam
512 1475 638 1535 ediderit
665 1493 702 1534 an
725 1475 899 1553 imperfecta
928 1475 1093 1556 reliquerit,

78 1562 206 1621 multum
234 1565 313 1621 inter
340 1565 423 1622 uiros
447 1563 550 1623 doctos
578 1563 775 1641 disceptatum
804 1569 858 1622 est.
908 1571 966 1641 qua
994 1563 1030 1622 de
1058 1581 1092 1623 re

78 1653 191 1710 certius
220 1650 363 1718 iudicium
395 1652 474 1711 ferre
507 1651 620 1731 licebit,
653 1654 679 1710 si
706 1668 795 1729 quem
827 1653 858 1710 in
886 1669 997 1711 annum
1029 1651 1093 1711 dies

79 1738 160 1799 illius
184 1758 342 1817 supremus
366 1739 451 1799 cadat
473 1739 628 1800 constabit.
674 1759 742 1799 cum
770 1746 869 1799 autem
892 1739 1093 1810 Quintilianus

78 1830 107 1885 in
141 1830 363 1888 institutionum
393 1831 603 1910 oratoriarum,
636 1846 709 1906 quas
737 1829 816 1887 circa
844 1846 868 1887 a.
897 1825 941 1888 90
967 1847 996 1906 p.
1024 1827 1093 1888 Chr.

42 1945 44 1951 ·
78 1935 105 1974 n.
130 1917 281 1976 confectas
306 1935 371 1976 esse
394 1916 588 1996 probabiliter
612 1923 793 1997 statuerunt,
816 1914 892 1975 libro
916 1915 943 1974 X
967 1913 1011 1996 [1‚
1034 1913 1091 1992 90]

78 2004 150 2063 baec
174 2004 298 2064 scribat:
322 2001 461 2066 ‘multum
484 2009 515 2065 in
539 2005 654 2064 Valerio
670 2004 775 2064 Flacco
799 2023 895 2083 nuper
919 1999 1092 2085 amisimus',

77 2092 147 2151 hinc
171 2092 329 2152 nonnullos
353 2102 420 2153 ante
445 2112 468 2152 a.
484 2091 527 2154 90
542 2111 634 2153 annos
659 2112 674 2152 e
697 2092 796 2153 medio
811 2095 937 2153 cessisse
953 2091 1092 2154 Flaccum

78 2180 235 2258 colligitur.
281 2184 333 2260 qui
357 2182 436 2260 quod
459 2182 528 2242 libri
552 2185 650 2260 quarti
673 2201 701 2241 u.
726 2179 789 2242 507
815 2199 878 2260 sqq.
902 2184 994 2242 canit:
1076 2236 1077 2240 ,

167 2272 245 2328 sicut
267 2273 405 2349 prorupti
428 2273 526 2331 tonuit
548 2289 617 2330 cum
640 2271 718 2330 forte
741 2269 866 2330 Vesaeui

166 2356 327 2436 Hesperiae
350 2358 445 2418 letalis
469 2378 556 2439 apex,
578 2360 701 2419 uixdum
724 2359 810 2438 ignea
832 2367 964 2420 montem

166 2448 254 2505 torsit
275 2446 383 2527 hiems
406 2450 524 2525 iamque
547 2466 616 2507 eoas
639 2449 714 2508 cinis
736 2448 832 2507 induit
855 2447 960 2528 urbes,

77 2534 133 2594 boc
162 2553 222 2593 non
249 2542 349 2613 potest
377 2553 437 2595 non
468 2539 636 2615 pertinere,
667 2544 702 2596 ut
730 2538 789 2596 iam
815 2534 1021 2596 Loehbacbius
1051 2535 1092 2612 [11

76 2641 104 2699 p.
134 2620 168 2698 8]
197 2621 274 2681 bene
302 2623 391 2704 uidit,
424 2624 460 2683 ad
484 2626 594 2684 montis
623 2624 747 2684 Vesuuii
778 2626 967 2702 eruptionem
995 2643 1020 2683 a.
1049 2621 1091 2686 79

77 2710 192 2770 iactam
239 2713 338 2789 itaque
362 2730 422 2771 non
445 2712 572 2772 mrdtum
600 2731 616 2772 a
640 2732 713 2773 uero
738 2711 876 2772 aberrare
900 2711 986 2772 nobis
1008 2711 1091 2772 uide·

77 2817 157 2879 mur,
182 2801 207 2857 si
231 2817 308 2858 anno
332 2801 395 2859 iere
420 2796 462 2860 85
476 2800 584 2860 Valerii
607 2809 734 2861 mortem
757 2799 900 2861 accidisse
925 2801 1091 2860 statuimus.

77 2889 207 2962 primum
236 2895 303 2948 anta
305 2906 335 2947 m
359 2870 627 2966 Argonauticorum
655 2888 764 2948 librum
788 2888 946 2947 recitatum
976 2904 1041 2946 esse
1065 2905 1089 2945 a

79 2972 118 3033 71
144 2993 198 3035 suo
222 2977 288 3035 iure
311 2978 370 3035 uiri
389 2975 469 3036 docti
492 2996 528 3037 ex
551 2978 696 3055 prooemii
725 2972 818 3034 ull
845 2992 908 3052 sqq.
937 2973 1090 3033 concluse·

77 3070 156 3122 runt.
201 3065 302 3141 itaque
326 3066 352 3123 si
375 3082 399 3124 a.
424 3061 467 3125 85
495 3065 573 3124 diem
600 3064 718 3124 fatalem
745 3062 869 3122 Flaccus
896 3060 981 3142 obiit,
1005 3063 1089 3139 quin·

77 3150 173 3210 decim
197 3152 261 3211 lere
285 3154 354 3211 anni
382 3153 418 3212 ad
448 3151 623 3213 elaboranda
646 3152 845 3230 Argonautica
868 3152 897 3209 ei
920 3151 1091 3228 suppetiuc·
1137 3228 1140 3233 Ι

77 3246 156 3299 runt.
185 3238 305 3299 dillicile
330 3241 450 3318 quidem
473 3249 520 3300 est
542 3242 574 3300 in
596 3248 677 3301 tanta
696 3239 880 3316 singulorum
903 3240 1091 3316 ingeniorum
1135 3262 1142 3309 ι

78 3326 267 3408 diuersitate,
300 3336 444 3406 quantum
475 3337 580 3407 poetae
613 3330 690 3407 epici
723 3329 866 3405 temporis
903 3329 933 3386 in
967 3327 1091 3406 singulis
1129 3326 1142 3349 '⁵

77 3413 160 3475 libris
200 3417 413 3494 componendis
450 3418 703 3498 consumpserint,
741 3423 823 3476 certo
861 3416 1022 3498 aliirmarr3
1054 3434 1091 3476 cx
1122 3436 1137 3487 ,-

839 3514 876 3569 a*
