2362 3938
126 189 170 254 60
556 185 667 242 LIBER
683 186 705 240 I.

84 362 88 371 '
125 350 212 415 fame
245 348 399 414 obsessus
431 349 480 414 ita
512 349 738 434 praesentibus
770 349 925 433 consulit,
959 350 1008 414 uti
1042 372 1142 433 equos

125 437 267 502 militum
292 437 432 503 interfici
460 438 587 504 iuberet
615 441 724 522 eisque
748 438 869 503 milites
893 439 989 516 vesci.
1030 438 1144 504 Enim·

125 546 202 592 vero
222 548 420 611 quamquam
442 525 476 591 id
500 523 672 591 consilium
690 527 792 591 ferme
817 549 856 591 ex
879 527 1073 593 necessitate
1097 551 1144 593 se·

126 619 310 700 querentur,
331 615 492 681 tumultus
510 619 621 679 tamen
645 619 678 678 et
699 615 883 700 indignatio
902 617 1048 681 omnium
1068 639 1143 683 con·

93 726 106 767 e
129 706 276 791 gruebat,
301 705 400 770 veluti
425 703 530 769 studio
552 704 684 785 factum,
706 707 744 768 ut
766 705 960 770 necessitate
979 707 1145 791 praesenti

128 815 202 878 spes
226 795 290 858 sibi
310 794 419 858 futura
436 793 609 857 laberetur.
646 790 752 867 Quare
772 815 846 858 cum
865 793 970 858 omnis
990 794 1144 859 militaris

129 882 334 947 observantia
369 882 547 945 solveretur
585 902 689 965 neque
727 880 766 944 ad
800 883 982 946 custodiam
1012 883 1144 948 solitam

127 971 261 1056 vigiliae
292 974 464 1054 ceteraque
492 969 603 1034 munia
631 973 853 1055 servarentur,
883 992 941 1035 rex
969 975 1078 1035 motus
1111 974 1145 1036 in

128 1059 208 1124 haec
231 1058 331 1125 verba
359 1058 578 1123 contionatur:
607 1056 735 1141 ‘Neque
763 1079 814 1122 me
842 1059 941 1142 fugit,
968 1058 1176 1124 fortissimis

88 1170 114 1210 ro
127 1147 268 1228 milites,
301 1159 370 1212 rein
403 1146 539 1211 militiae
571 1147 840 1231 necessitatisque
870 1148 1006 1212 bellicae
1037 1150 1144 1233 prima

128 1235 274 1300 subsidia
307 1256 406 1319 equos
441 1234 557 1312 haberi
593 1239 758 1318 oportere,
793 1257 874 1320 quos
910 1257 970 1320 ego
1003 1237 1144 1302 interfici

128 1323 278 1387 iusserim
302 1323 398 1394 etde
421 1345 483 1387 usu
506 1324 564 1388 illo
589 1325 629 1388 ad
655 1324 843 1389 alimoniam
865 1324 1053 1409 victumque
1073 1349 1144 1409 pro-

127 1412 233 1477 ficere.
271 1410 333 1477 Sed
357 1434 428 1477 cum
452 1413 487 1476 in
510 1434 548 1476 ea
566 1434 601 1476 re
621 1413 757 1477 duorum
775 1413 945 1478 nominum
963 1415 1144 1497 periculum

128 1504 327 1585 versaretur,
359 1504 396 1564 ut
425 1503 483 1564 aut
515 1502 605 1587 equis
643 1501 714 1566 aliti
744 1501 925 1567 viveremus
963 1506 1020 1566 aut
1055 1502 1144 1570 hisce

90 1611 115 1651 rs
131 1590 268 1656 servatis
291 1589 343 1655 vel
366 1589 490 1672 priores
514 1591 567 1655 vel
590 1591 711 1674 pariter
734 1594 974 1674 oppeteremus,
998 1597 1143 1656 secutum

129 1700 181 1743 me
203 1679 310 1744 fateor
333 1677 518 1762 consilium,
543 1679 628 1763 quod
651 1702 711 1762 pro
736 1679 893 1745 deteriore
917 1680 1034 1745 melius
1057 1681 1142 1745 vide-

129 1768 233 1833 batur.
286 1766 413 1850 Quippe
448 1789 539 1852 spem
574 1768 669 1834 foveo
708 1768 769 1833 diis
807 1774 924 1853 coepta
957 1769 1144 1834 iuvantibus

128 1855 214 1935 fore,
240 1855 289 1920 uti
318 1877 391 1919 cunr
415 1856 556 1939 primum
579 1859 708 1942 gentem
733 1857 877 1941 aliquam
905 1861 939 1922 et
964 1858 1144 1922 subsidium

128 1943 260 2009 uberius
284 1945 374 2009 nacti
397 1944 565 2031 monimus,
589 1968 689 2030 equos
713 1967 841 2032 quoque
864 1946 951 2011 haud
974 1946 1144 2013 deterioris

90 2053 116 2094 ro
130 2055 207 2098 usus
230 2054 347 2115 parare
376 2033 420 2098 sit
441 2034 536 2099 nobis
560 2034 708 2101 facultas.
754 2033 879 2117 Quippe
907 2036 1030 2117 sivos,
1059 2036 1145 2119 quod

129 2142 240 2186 omnes
271 2122 380 2205 superi
408 2123 622 2208 difflavmint,
651 2122 837 2188 detestabili
865 2122 923 2186 illa
948 2124 1144 2187 necessitate

129 2230 166 2274 ac
184 2209 271 2273 fame
291 2211 415 2275 animas
434 2213 606 2296 poneretis,
625 2210 745 2275 milites
765 2209 894 2293 quidem
912 2209 1050 2273 forsitan
1068 2231 1143 2291 pos·

129 2319 212 2380 sem,
252 2299 308 2363 aed
342 2299 538 2365 Macedonas
576 2299 695 2363 milites
732 2297 866 2361 ubinam
901 2295 1143 2379 repperissem?

26 2412 29 2418 ’
128 2384 235 2463 Quare
263 2388 388 2452 animos
416 2388 591 2452 reformate
619 2387 654 2451 in
682 2385 796 2450 melius
822 2383 979 2467 vobisque
1009 2384 1143 2451 suadete

89 2475 254 2540 renullum
283 2497 354 2540 esse
376 2480 521 2540 vestrum
550 2475 630 2540 adeo
659 2474 711 2538 sni
738 2475 901 2537 amantem
930 2475 1028 2557 atque
1053 2474 1142 2538 solli-

129 2563 238 2647 citum,
262 2585 358 2647 quem
381 2583 449 2626 non
469 2584 529 2647 pro
553 2584 587 2627 se
611 2584 683 2626 mea
707 2583 781 2627 cura
799 2561 1004 2644 praevertat?
1042 2561 1142 2628 Hisce

129 2651 223 2717 dictis
247 2651 350 2716 sedati
374 2653 466 2714 erant
481 2651 590 2715 animi
609 2650 751 2715 militurn
768 2650 993 2734 revocatisque
1017 2653 1140 2717 viribus

129 2740 168 2805 ad
194 2739 301 2805 officia
324 2739 503 2804 castrensia
526 2760 595 2803 sese
619 2741 856 2804 converterant.
1121 2766 1181 2818 XL

194 2826 276 2893 ·50.
315 2827 420 2904 Quare
443 2827 599 2910 perculsis
622 2826 773 2910 plurimis
797 2827 984 2893 civitatibus
1004 2828 1067 2891 iter
1085 2829 1119 2891 in
1147 2841 1181 2890 6¹

220 2989 234 3037 1
250 2984 416 3039 obsessneP.
436 2983 595 3038 obsessori.
616 2981 778 3038 obsessisA.
814 2987 830 3036 2
845 2981 987 3037 iuberetr.
997 2982 1029 3035 P.
1044 2981 1143 3036 iubeat

129 3070 199 3110 corr.
210 3055 372 3110 eciubetA.
410 3061 425 3108 3
441 3069 613 3122 quamquam
623 3053 658 3106 ad
669 3053 817 3108 eonsilium
825 3053 859 3110 P.
878 3052 998 3107 ferme'r.
1014 3055 1140 3108 om.A.P.

130 3132 227 3181 deum
238 3126 304 3180 r.P.
323 3141 373 3180 om.
388 3125 424 3180 A.
462 3130 639 3179 ameomffl.
679 3129 711 3177 12
729 3123 856 3178 iusserim
871 3124 939 3179 M.
959 3123 1092 3177 iusseram
1108 3126 1140 3178 P.

129 3196 164 3251 de
183 3213 235 3250 usu
254 3195 368 3251 illorum
386 3194 443 3250 Mc.
476 3196 656 3264 vinctumque
675 3194 708 3249 P.
756 3199 788 3247 17
808 3193 971 3248 iubentibus
989 3200 1016 3246 2.
1063 3200 1097 3248 20
1117 3197 1141 3248 si

128 3273 212 3323 vost.
231 3283 300 3323 corr.
319 3283 353 3321 aa
371 3265 479 3320 sivisA.
499 3264 605 3320 sivisP.
650 3270 684 3318 22
704 3281 737 3317 ac
756 3264 864 3320 famer.
883 3264 995 3318 fameP.
1015 3264 1139 3318 famisA.

129 3342 164 3391 24
178 3337 312 3405 vobisque
322 3337 357 3392 A.
377 3337 457 3392 vobis
469 3337 503 3389 P.
540 3342 575 3391 26
589 3351 672 3406 prose
685 3351 749 3389 mea
764 3352 831 3390 aura
844 3337 1004 3404 praevertet
1018 3337 1072 3403 (tat
1079 3338 1103 3403 t)
1112 3343 1139 3391 Τ.

127 3424 276 3477 praesumo
295 3425 359 3464 mea
377 3424 443 3463 cura
461 3410 619 3488 praevertet
635 3406 669 3462 P.
723 3423 775 3474 pro
796 3411 877 3460 suffia
894 3421 961 3460 cura
979 3409 1141 3474 praevertat

130 3483 187 3549 (ma
204 3481 236 3534 in
255 3480 351 3547 litura)
370 3478 406 3534 Δ.
434 3477 485 3532 His
502 3479 535 3534 P.
608 3483 642 3533 28
661 3477 796 3532 castresia
811 3478 844 3529 P.

218 3549 267 3606 50.
295 3554 329 3604 29
344 3549 514 3619 percolsisT.
532 3547 670 3619 percussis
679 3549 712 3602 P.
731 3546 861 3616 persisti.
881 3545 1044 3601 civitatibus
1055 3555 1138 3602 om.'r.
