2362 3938
78 200 170 258 XVIII
478 194 686 251 PRAEFATIO

78 350 145 409 eius
167 349 212 407 rei
236 366 254 407 1
272 348 378 422 Mopso
403 364 536 405 summas
558 364 661 405 rerum
673 344 840 403 uatIcinato
856 348 1091 408 commemoratio

79 437 145 496 fieri
167 455 228 495 non
250 435 359 512 potuit.
385 454 446 493 non
469 434 574 492 dubito
591 433 666 510 quin
686 435 774 491 uates
796 432 916 492 bellum
940 454 979 494 ex
991 436 1092 496 uellera

79 544 172 587 aureo
201 525 292 584 simul
325 543 359 583 ae
386 523 506 600 uirgine
533 525 623 597 rapta
648 522 729 580 inter
755 518 886 581 Colchos
914 526 950 582 et
974 524 1093 584 Graecos
1117 594 1118 599 η

82 617 220 674 exortum
243 613 347 690 paucis
369 610 557 670 indicauerit.
602 610 705 685 itaque
728 609 849 685 scripsi:
879 603 985 686 ‘quem
1012 613 1092 671 eitun

82 698 147 784 (uel
170 694 340 781 ‘excitum')
363 701 476 758 uellere
499 699 630 758 Martem
653 690 787 772 aspicio’.
832 716 905 756 nam
929 701 1091 776 quodnam

82 792 204 868 quidem
218 789 371 867 participii
394 780 496 847 ‘citus'
519 806 538 845 1
559 786 658 846 forma
682 779 750 844 ‘cio'
774 785 906 846 deriuati
930 789 1090 865 exemplum

80 898 142 940 non
165 879 308 955 suppetit,
332 877 409 935 nihil
431 894 579 951 curamus,
603 874 879 934 cumicueniantur
902 876 966 934 alia
988 877 1090 937 forme

81 968 171 1025 huius
203 967 338 1041 exempla
360 964 442 1023 haud
464 983 568 1040 pauca.
614 967 747 1022 ceterum
774 963 810 1020 cf.
839 961 868 1018 V
896 965 963 1023 576
997 961 1089 1024 ‘tantis

80 1055 197 1114 concita
219 1053 373 1112 furoribus
397 1046 503 1110 arma'.

170 1144 234 1200 226
259 1159 294 1199 en
316 1140 440 1198 Aldina:
465 1145 491 1198 ct
513 1141 549 1198 V.

170 1229 233 1287 227
261 1229 434 1287 iamdudum
462 1229 576 1287 minsas
608 1231 729 1302 amtope
760 1230 916 1301 datamque
949 1233 1086 1304 terrifica

78 1318 123 1374 ita
144 1316 210 1374 fere
233 1316 270 1374 V.
289 1319 320 1373 et
344 1309 480 1374 ‘minsas'
504 1316 626 1392 quidem
648 1319 729 1376 reete
758 1317 790 1374 in
812 1316 1001 1378 editionibus
1023 1317 1089 1377 anti·

80 1404 147 1480 quis
169 1405 203 1462 in
226 1398 368 1482 ‘Minyas'
383 1408 552 1464 correctum
575 1408 636 1481 est3
660 1405 713 1464 sed
726 1407 761 1464 ut
779 1406 922 1464 lacunam
935 1407 1089 1482 explerent

79 1494 167 1554 uaria
189 1494 400 1570 excogitausre
423 1493 512 1552 docti
558 1494 637 1569 quod
660 1493 811 1567 Heinsius,
843 1495 892 1552 cui
916 1494 1008 1555 Thilo
1034 1496 1088 1553 fere

80 1583 286 1659 adstipulatus
310 1584 365 1659 est,
389 1583 512 1659 seripsIt
541 1576 609 1640 ‘hac
631 1584 718 1641 uates
740 1581 859 1657 Minyas
887 1577 1040 1660 ambage',
1063 1579 1088 1639 id

79 1690 177 1748 neque
205 1673 244 1731 ab
272 1675 395 1730 externa
421 1690 519 1748 neque
555 1688 628 1729 uero
661 1670 700 1728 ab
733 1671 853 1730 interna
880 1672 1088 1745 probabilitate

80 1759 315 1819 commendatur.
359 1779 455 1836 neque
485 1759 564 1817 enim
592 1757 695 1817 addito
723 1758 776 1817 illo
806 1751 919 1816 ‘uates'
944 1779 1021 1835 opus
1043 1760 1088 1832 est,

81 1866 149 1906 cum
181 1848 218 1907 de
250 1849 356 1924 Mopso
389 1866 558 1908 sermonem
589 1864 656 1906 esse
691 1847 774 1905 ultro
810 1852 968 1922 appareat.
1023 1844 1087 1906 mihi

81 1937 269 1997 intercidisse
305 1937 428 1996 uidetur
464 1936 620 2012 epIthetcn
655 1934 778 2010 aliquod
813 1935 897 1993 uocis
936 1926 1089 2012 ‘ambagei

81 2045 142 2085 non
170 2028 244 2101 puto
276 2028 380 2084 autem
410 2024 541 2101 reperiri
564 2041 661 2098 ,posse
693 2022 774 2098 quod
805 2025 836 2081 et
863 2023 967 2098 aptius
996 2026 1036 2085 sit
1064 2023 1090 2080 et

81 2132 204 2173 eausam
226 2112 338 2172 erroris
360 2114 468 2172 melius
492 2112 624 2171 declaret
638 2129 728 2187 quam
751 2104 882 2186 ‘inuisa'‚
910 2115 994 2171 certe
1016 2111 1090 2172 facil·

80 2200 151 2259 ltme
175 2204 245 2260 ante
268 2194 405 2260 ‘mmsas'
427 2200 571 2259 interlabi
592 2199 700 2275 potuit.

43 2315 45 2319 v
170 2291 234 2347 230
251 2289 359 2361 plenae
380 2291 452 2361 tatas
474 2289 642 2361 Phoeboque
663 2291 764 2361 quicto
809 2287 846 2346 de
869 2288 996 2349 Idmone
1022 2289 1089 2349 fatis

79 2376 168 2454 pleno
191 2394 260 2433 eum
286 2376 407 2434 demum
433 2397 483 2434 uu.
515 2378 627 2435 231-
636 2378 698 2435 233
732 2378 852 2452 agatur,
885 2376 934 2435 hic
963 2379 1093 2437 eiusra

78 2463 192 2522 mentio
219 2467 362 2538 praeposi
363 2482 414 2522 erc
441 2464 485 2523 fit.
530 2457 675 2523 uerbis
677 2482 738 2524 non
768 2465 884 2546 pallore
915 2466 1005 2543 uiris,
1038 2483 1095 2525 uon

78 2551 141 2610 ullo
177 2551 303 2610 horrore
339 2569 493 2609 comarum
528 2545 687 2611 terribilis'
724 2556 845 2628 oportet
880 2552 953 2612 bina
989 2554 1095 2613 Itidem

78 2638 214 2697 membra
242 2642 433 2715 opponantur
465 2639 575 2715 quibus
609 2641 793 2716 tranquillus
828 2645 1030 2718 pacatusque
1048 2641 1094 2700 Id-

78 2727 175 2785 monis
211 2730 309 2786 status
343 2726 521 2786 declaretur.
566 2728 669 2803 itaque
702 2729 810 2805 scripsi
843 2722 962 2804 plenus
989 2720 1093 2830 pacis'

78 2834 148 2874 nam
172 2815 251 2891 quod
275 2809 406 2891 plenus'
435 2835 503 2875 cum
529 2817 642 2892 duplici
669 2835 741 2876 casu
764 2817 970 2894 coniungitur,
998 2818 1031 2876 in
1059 2837 1093 2876 eo

78 2923 165 2964 nemo
193 2905 325 2980 prudens
354 2905 498 2982 offendet3
531 2904 567 2965 cf.
596 2905 712 2965 Statius
741 2902 823 2981 [silu.
850 2906 866 2963 Ι
896 2910 928 2983 1,
959 2908 999 2965 15
1035 2903 1091 2982 sq.]

79 2989 177 3053 ‘iuuat
208 3013 262 3053 ora
288 2994 370 3054 tueri
397 2995 493 3054 mixta
519 2995 600 3054 notis
626 2995 702 3055 belli
723 2993 932 3070 placidamque
956 2994 1094 3070 gerentia

78 3075 208 3158 pacem';
232 3081 360 3142 Ouidius
386 3080 469 3158 [met.
492 3084 523 3142 H
547 3081 626 3160 858]
651 3077 768 3158 ‘pacem
789 3083 894 3142 uultus
917 3076 1032 3141 habet'.

169 3173 232 3230 233
252 3189 302 3230 sea
319 3173 442 3246 plenam
460 3175 543 3231 certis
560 3175 713 3244 iatcrrcpct
734 3186 805 3227 aera
816 3171 930 3240 pamla.
961 3187 1092 3247 augures

78 3276 139 3317 non
168 3277 253 3335 aera,
274 3260 336 3332 ⁸sed
362 3261 478 3318 caelum
500 3260 699 3334 interrogant.
743 3256 846 3330 itaque
873 3276 930 3332 pro
954 3252 1093 3317 ‘Interro-

78 3339 196 3418 getera'
220 3347 309 3405 unica
336 3348 455 3423 syllaba
478 3346 631 3421 duplicata
660 3342 850 3404 scribendum
880 3348 928 3403 est
951 3340 1092 3405 ‘interro-

77 3433 131 3504 get
150 3426 254 3507 etera',
277 3434 371 3494 idest
394 3429 573 3510 interroget
595 3425 739 3492 aethera'.
776 3429 856 3505 quod
879 3435 1002 3506 praeter
1025 3435 1093 3492 loca

77 3517 285 3577 aBurmanno
305 3521 408 3580 adlata
429 3523 557 3579 maxime
575 3519 750 3599 comprobat
771 3517 887 3578 Statius
908 3515 990 3592 [sila.
1012 3521 1042 3578 V
1061 3523 1093 3599 3,
