<?xml version="1.0" encoding="UTF-8"?>
<!DOCTYPE html PUBLIC "-//W3C//DTD XHTML 1.0 Transitional//EN"
    "http://www.w3.org/TR/xhtml1/DTD/xhtml1-transitional.dtd">
<html xmlns="http://www.w3.org/1999/xhtml" xml:lang="en" lang="en">
 <head>
  <title>
</title>
<meta http-equiv="Content-Type" content="text/html;charset=utf-8" />
  <meta name='ocr-system' content='tesseract 3.04.00' />
  <meta name='ocr-capabilities' content='ocr_page ocr_carea ocr_par ocr_line ocrx_word'/>
</head>
<body>
  <div class='ocr_page' id='page_1' title='image "./domitiivlpianiq00huscgoog/domitiivlpianiq00huscgoog_0139.png"; bbox 0 0 2362 3938; ppageno 0'>
   <div class='ocr_carea' id='block_1_1' title="bbox 42 181 620 248">
    <p class='ocr_par' dir='ltr' id='par_1_1' title="bbox 42 181 620 248">
     <span class='ocr_line' id='line_1_1' title="bbox 42 181 620 248; baseline -0.016 -2"><span class='ocrx_word' id='word_1_1' title='bbox 42 183 82 248; x_wconf 83' lang='lat'>16</span> <span class='ocrx_word' id='word_1_2' title='bbox 475 181 583 237; x_wconf 81' lang='lat' dir='ltr'>LIBER</span> <span class='ocrx_word' id='word_1_3' title='bbox 601 181 620 237; x_wconf 91' lang='grc' dir='ltr'>Ι.</span> 
     </span>
    </p>
   </div>
   <div class='ocr_carea' id='block_1_2' title="bbox 0 343 1101 2821">
    <p class='ocr_par' dir='ltr' id='par_1_2' title="bbox 0 343 1101 2821">
     <span class='ocr_line' id='line_1_2' title="bbox 39 343 1052 430; baseline 0.002 -20"><span class='ocrx_word' id='word_1_4' title='bbox 39 346 112 429; x_wconf 91' lang='lat' dir='ltr'>sibi,</span> <span class='ocrx_word' id='word_1_5' title='bbox 131 366 226 429; x_wconf 91' lang='lat' dir='ltr'>quem</span> <span class='ocrx_word' id='word_1_6' title='bbox 245 344 461 429; x_wconf 85' lang='lat' dir='ltr'>interfecerat,</span> <span class='ocrx_word' id='word_1_7' title='bbox 480 345 550 430; x_wconf 88' lang='lat' dir='ltr'>fuit,</span> <span class='ocrx_word' id='word_1_8' title='bbox 569 345 686 411; x_wconf 87' lang='lat' dir='ltr'>metuit</span> <span class='ocrx_word' id='word_1_9' title='bbox 705 366 777 409; x_wconf 92' lang='lat' dir='ltr'>eum</span> <span class='ocrx_word' id='word_1_10' title='bbox 796 345 828 410; x_wconf 90' lang='lat' dir='ltr'>in</span> <span class='ocrx_word' id='word_1_11' title='bbox 848 343 905 411; x_wconf 89' lang='lat' dir='ltr'>illo</span> <span class='ocrx_word' id='word_1_12' title='bbox 924 346 1052 412; x_wconf 87' lang='lat' dir='ltr'>defosso</span> 
     </span>
     <span class='ocr_line' id='line_1_3' title="bbox 38 433 1053 520; baseline 0.002 -22"><span class='ocrx_word' id='word_1_13' title='bbox 38 434 238 520; x_wconf 88' lang='lat' dir='ltr'>insepultum</span> <span class='ocrx_word' id='word_1_14' title='bbox 258 437 291 498; x_wconf 85' lang='lat' dir='ltr'>et</span> <span class='ocrx_word' id='word_1_15' title='bbox 309 434 465 518; x_wconf 80' lang='lat' dir='ltr'>praedam</span> <span class='ocrx_word' id='word_1_16' title='bbox 484 434 597 499; x_wconf 87' lang='lat' dir='ltr'>bestiis</span> <span class='ocrx_word' id='word_1_17' title='bbox 615 433 802 517; x_wconf 81' lang='lat' dir='ltr'>derelinqui.</span> <span class='ocrx_word' id='word_1_18' title='bbox 833 433 920 500; x_wconf 90' lang='lat' dir='ltr'>Nam</span> <span class='ocrx_word' id='word_1_19' title='bbox 939 438 972 499; x_wconf 92' lang='lat' dir='ltr'>et</span> <span class='ocrx_word' id='word_1_20' title='bbox 990 457 1053 500; x_wconf 93' lang='lat' dir='ltr'>nox</span> 
     </span>
     <span class='ocr_line' id='line_1_4' title="bbox 38 522 1053 608; baseline -0.002 -21"><span class='ocrx_word' id='word_1_21' title='bbox 38 526 110 587; x_wconf 87' lang='lat' dir='ltr'>erat</span> <span class='ocrx_word' id='word_1_22' title='bbox 133 526 166 586; x_wconf 91' lang='lat' dir='ltr'>et</span> <span class='ocrx_word' id='word_1_23' title='bbox 189 525 321 608; x_wconf 89' lang='lat' dir='ltr'>secreta,</span> <span class='ocrx_word' id='word_1_24' title='bbox 345 544 408 606; x_wconf 91' lang='lat' dir='ltr'>quo</span> <span class='ocrx_word' id='word_1_25' title='bbox 433 525 597 587; x_wconf 84' lang='lat' dir='ltr'>venerant.</span> <span class='ocrx_word' id='word_1_26' title='bbox 634 522 787 588; x_wconf 78' lang='lat' dir='ltr'>Naturali</span> <span class='ocrx_word' id='word_1_27' title='bbox 810 543 888 608; x_wconf 80' lang='lat' dir='ltr'>ergo</span> <span class='ocrx_word' id='word_1_28' title='bbox 910 526 1053 588; x_wconf 84' lang='lat' dir='ltr'>monitus</span> 
     </span>
     <span class='ocr_line' id='line_1_5' title="bbox 39 610 1053 696; baseline 0 -20"><span class='ocrx_word' id='word_1_29' title='bbox 39 610 169 676; x_wconf 86' lang='lat' dir='ltr'>adfectu</span> <span class='ocrx_word' id='word_1_30' title='bbox 185 612 376 696; x_wconf 76' lang='lat' dir='ltr'>superponit</span> <span class='ocrx_word' id='word_1_31' title='bbox 387 610 553 675; x_wconf 89' lang='lat' dir='ltr'>hominem</span> <span class='ocrx_word' id='word_1_32' title='bbox 567 612 711 676; x_wconf 90' lang='lat' dir='ltr'>humeris</span> <span class='ocrx_word' id='word_1_33' title='bbox 727 633 824 695; x_wconf 92' lang='lat' dir='ltr'>quam</span> <span class='ocrx_word' id='word_1_34' title='bbox 833 612 1053 678; x_wconf 87' lang='lat' dir='ltr'>valentissime</span> 
     </span>
     <span class='ocr_line' id='line_1_6' title="bbox 11 697 1054 782; baseline 0.006 -22"><span class='ocrx_word' id='word_1_35' title='bbox 11 703 74 765; x_wconf 83' lang='lat' dir='ltr'>set</span> <span class='ocrx_word' id='word_1_36' title='bbox 101 705 246 766; x_wconf 77' lang='lat' dir='ltr'>revertat</span> <span class='ocrx_word' id='word_1_37' title='bbox 275 699 310 764; x_wconf 92' lang='lat' dir='ltr'>in</span> <span class='ocrx_word' id='word_1_38' title='bbox 339 700 474 782; x_wconf 86' lang='lat' dir='ltr'>regiam.</span> <span class='ocrx_word' id='word_1_39' title='bbox 523 697 570 763; x_wconf 89' lang='lat' dir='ltr'>Ut</span> <span class='ocrx_word' id='word_1_40' title='bbox 600 703 709 764; x_wconf 88' lang='lat' dir='ltr'>autem</span> <span class='ocrx_word' id='word_1_41' title='bbox 738 722 886 766; x_wconf 82' lang='lat' dir='ltr'>reversus</span> <span class='ocrx_word' id='word_1_42' title='bbox 917 701 958 766; x_wconf 90' lang='lat' dir='ltr'>ad</span> <span class='ocrx_word' id='word_1_43' title='bbox 990 723 1054 767; x_wconf 88' lang='lat' dir='ltr'>ma-</span> 
     </span>
     <span class='ocr_line' id='line_1_7' title="bbox 40 788 1053 875; baseline 0.001 -21"><span class='ocrx_word' id='word_1_44' title='bbox 40 794 124 854; x_wconf 88' lang='lat' dir='ltr'>trem</span> <span class='ocrx_word' id='word_1_45' title='bbox 148 792 207 871; x_wconf 83' lang='lat' dir='ltr'>est,</span> <span class='ocrx_word' id='word_1_46' title='bbox 231 791 345 854; x_wconf 86' lang='lat' dir='ltr'>cuncta</span> <span class='ocrx_word' id='word_1_47' title='bbox 368 791 492 871; x_wconf 85' lang='lat' dir='ltr'>narrat,</span> <span class='ocrx_word' id='word_1_48' title='bbox 517 809 598 872; x_wconf 89' lang='lat' dir='ltr'>quae</span> <span class='ocrx_word' id='word_1_49' title='bbox 623 788 685 852; x_wconf 89' lang='lat' dir='ltr'>sibi</span> <span class='ocrx_word' id='word_1_50' title='bbox 709 811 859 872; x_wconf 90' lang='lat' dir='ltr'>supremo</span> <span class='ocrx_word' id='word_1_51' title='bbox 883 790 1053 875; x_wconf 91' lang='lat' dir='ltr'>conloquio</span> 
     </span>
     <span class='ocr_line' id='line_1_8' title="bbox 39 874 1053 964; baseline -0.002 -20"><span class='ocrx_word' id='word_1_52' title='bbox 39 882 134 964; x_wconf 85' lang='lat' dir='ltr'>pater</span> <span class='ocrx_word' id='word_1_53' title='bbox 158 878 289 942; x_wconf 81' lang='lat' dir='ltr'>dixerat.</span> <span class='ocrx_word' id='word_1_54' title='bbox 335 874 406 940; x_wconf 90' lang='lat' dir='ltr'>Hoc</span> <span class='ocrx_word' id='word_1_55' title='bbox 429 876 586 940; x_wconf 88' lang='lat' dir='ltr'>demirata</span> <span class='ocrx_word' id='word_1_56' title='bbox 615 879 665 940; x_wconf 89' lang='lat' dir='ltr'>est</span> <span class='ocrx_word' id='word_1_57' title='bbox 693 877 810 943; x_wconf 88' lang='lat' dir='ltr'>mulier</span> <span class='ocrx_word' id='word_1_58' title='bbox 838 881 871 943; x_wconf 88' lang='lat' dir='ltr'>et</span> <span class='ocrx_word' id='word_1_59' title='bbox 899 900 993 946; x_wconf 88' lang='lat' dir='ltr'>secus</span> <span class='ocrx_word' id='word_1_60' title='bbox 1017 880 1053 942; x_wconf 89' lang='lat' dir='ltr'>de</span> 
     </span>
     <span class='ocr_line' id='line_1_9' title="bbox 40 963 1053 1052; baseline -0.001 -20"><span class='ocrx_word' id='word_1_61' title='bbox 40 989 74 1032; x_wconf 91' lang='lat' dir='ltr'>se</span> <span class='ocrx_word' id='word_1_62' title='bbox 100 988 196 1052; x_wconf 88' lang='lat' dir='ltr'>quam</span> <span class='ocrx_word' id='word_1_63' title='bbox 220 966 368 1030; x_wconf 85' lang='lat' dir='ltr'>voluerat</span> <span class='ocrx_word' id='word_1_64' title='bbox 391 963 556 1049; x_wconf 83' lang='lat' dir='ltr'>iudicavit,</span> <span class='ocrx_word' id='word_1_65' title='bbox 580 965 666 1048; x_wconf 91' lang='lat' dir='ltr'>quod</span> <span class='ocrx_word' id='word_1_66' title='bbox 688 968 740 1031; x_wconf 85' lang='lat' dir='ltr'>tot</span> <span class='ocrx_word' id='word_1_67' title='bbox 763 966 855 1031; x_wconf 88' lang='lat' dir='ltr'>annis</span> <span class='ocrx_word' id='word_1_68' title='bbox 879 968 971 1032; x_wconf 88' lang='lat' dir='ltr'>vanis</span> <span class='ocrx_word' id='word_1_69' title='bbox 997 968 1053 1031; x_wconf 87' lang='lat' dir='ltr'>sei-</span> 
     </span>
     <span class='ocr_line' id='line_1_10' title="bbox 38 1053 1053 1136; baseline -0.001 -16"><span class='ocrx_word' id='word_1_70' title='bbox 38 1056 116 1120; x_wconf 84' lang='lat' dir='ltr'>licet</span> <span class='ocrx_word' id='word_1_71' title='bbox 143 1053 268 1120; x_wconf 89' lang='lat' dir='ltr'>artibus</span> <span class='ocrx_word' id='word_1_72' title='bbox 292 1053 364 1116; x_wconf 90' lang='lat' dir='ltr'>lusa</span> <span class='ocrx_word' id='word_1_73' title='bbox 386 1053 541 1136; x_wconf 89' lang='lat' dir='ltr'>probram</span> <span class='ocrx_word' id='word_1_74' title='bbox 563 1074 633 1117; x_wconf 89' lang='lat' dir='ltr'>rem</span> <span class='ocrx_word' id='word_1_75' title='bbox 656 1053 786 1119; x_wconf 82' lang='lat' dir='ltr'>fecerat.</span> <span class='ocrx_word' id='word_1_76' title='bbox 831 1053 1053 1120; x_wconf 86' lang='lat' dir='ltr'>Nihilominus</span> 
     </span>
     <span class='ocr_line' id='line_1_11' title="bbox 0 1140 1054 1227; baseline 0.005 -24"><span class='ocrx_word' id='word_1_77' title='bbox 0 1164 26 1203; x_wconf 54' lang='lat' dir='ltr'>*o</span> <span class='ocrx_word' id='word_1_78' title='bbox 40 1146 74 1207; x_wconf 89' lang='lat' dir='ltr'>et</span> <span class='ocrx_word' id='word_1_79' title='bbox 97 1142 215 1227; x_wconf 89' lang='lat' dir='ltr'>sepelit</span> <span class='ocrx_word' id='word_1_80' title='bbox 238 1162 310 1205; x_wconf 91' lang='lat' dir='ltr'>cum</span> <span class='ocrx_word' id='word_1_81' title='bbox 334 1140 447 1205; x_wconf 85' lang='lat' dir='ltr'>decore</span> <span class='ocrx_word' id='word_1_82' title='bbox 471 1140 711 1225; x_wconf 89' lang='lat' dir='ltr'>Nectanabum,</span> <span class='ocrx_word' id='word_1_83' title='bbox 735 1146 768 1206; x_wconf 93' lang='lat' dir='ltr'>et</span> <span class='ocrx_word' id='word_1_84' title='bbox 790 1146 827 1206; x_wconf 90' lang='lat' dir='ltr'>ut</span> <span class='ocrx_word' id='word_1_85' title='bbox 849 1145 938 1226; x_wconf 89' lang='lat' dir='ltr'>patri</span> <span class='ocrx_word' id='word_1_86' title='bbox 962 1145 1054 1227; x_wconf 88' lang='lat' dir='ltr'>filius,</span> 
     </span>
     <span class='ocr_line' id='line_1_12' title="bbox 39 1228 1054 1315; baseline 0.003 -21"><span class='ocrx_word' id='word_1_87' title='bbox 39 1231 245 1314; x_wconf 85' lang='lat' dir='ltr'>sepulchrum</span> <span class='ocrx_word' id='word_1_88' title='bbox 270 1228 368 1314; x_wconf 80' lang='lat' dir='ltr'>erigit</span> <span class='ocrx_word' id='word_1_89' title='bbox 391 1229 666 1311; x_wconf 88' lang='lat' dir='ltr'>operosissimum.</span> <span class='ocrx_word' id='word_1_90' title='bbox 707 1228 847 1313; x_wconf 85' lang='lat' dir='ltr'>Fuitque</span> <span class='ocrx_word' id='word_1_91' title='bbox 868 1231 944 1295; x_wconf 89' lang='lat' dir='ltr'>inde</span> <span class='ocrx_word' id='word_1_92' title='bbox 964 1254 1054 1315; x_wconf 89' lang='lat' dir='ltr'>prae-</span> 
     </span>
     <span class='ocr_line' id='line_1_13' title="bbox 37 1316 1055 1403; baseline 0 -19"><span class='ocrx_word' id='word_1_93' title='bbox 37 1340 144 1401; x_wconf 85' lang='lat' dir='ltr'>nosse,</span> <span class='ocrx_word' id='word_1_94' title='bbox 168 1317 245 1403; x_wconf 94' lang='lat' dir='ltr'>quid</span> <span class='ocrx_word' id='word_1_95' title='bbox 268 1317 344 1381; x_wconf 89' lang='lat' dir='ltr'>huic</span> <span class='ocrx_word' id='word_1_96' title='bbox 369 1318 480 1402; x_wconf 85' lang='lat' dir='ltr'>genito</span> <span class='ocrx_word' id='word_1_97' title='bbox 505 1316 546 1381; x_wconf 93' lang='lat' dir='ltr'>ad</span> <span class='ocrx_word' id='word_1_98' title='bbox 564 1317 651 1381; x_wconf 88' lang='lat' dir='ltr'>vitae</span> <span class='ocrx_word' id='word_1_99' title='bbox 671 1318 849 1382; x_wconf 83' lang='lat' dir='ltr'>clausulam</span> <span class='ocrx_word' id='word_1_100' title='bbox 870 1319 1055 1386; x_wconf 78' lang='lat' dir='ltr'>deberetur:</span> 
     </span>
     <span class='ocr_line' id='line_1_14' title="bbox 39 1405 1056 1489; baseline 0 -17"><span class='ocrx_word' id='word_1_101' title='bbox 39 1429 112 1472; x_wconf 87' lang='lat' dir='ltr'>curn</span> <span class='ocrx_word' id='word_1_102' title='bbox 135 1405 343 1471; x_wconf 88' lang='lat' dir='ltr'>Nectanabus</span> <span class='ocrx_word' id='word_1_103' title='bbox 372 1406 524 1489; x_wconf 83' lang='lat' dir='ltr'>Aegypto</span> <span class='ocrx_word' id='word_1_104' title='bbox 553 1405 706 1470; x_wconf 91' lang='lat' dir='ltr'>oriundus</span> <span class='ocrx_word' id='word_1_105' title='bbox 733 1405 768 1469; x_wconf 90' lang='lat' dir='ltr'>in</span> <span class='ocrx_word' id='word_1_106' title='bbox 792 1405 985 1472; x_wconf 90' lang='lat' dir='ltr'>Macedonia</span> <span class='ocrx_word' id='word_1_107' title='bbox 1014 1410 1056 1473; x_wconf 90' lang='lat' dir='ltr'>sit</span> 
     </span>
     <span class='ocr_line' id='line_1_15' title="bbox 39 1492 1055 1582; baseline 0.001 -22"><span class='ocrx_word' id='word_1_108' title='bbox 39 1496 201 1581; x_wconf 88' lang='lat' dir='ltr'>sepultus,</span> <span class='ocrx_word' id='word_1_109' title='bbox 231 1493 498 1577; x_wconf 85' lang='lat' dir='ltr'>tantumdemque</span> <span class='ocrx_word' id='word_1_110' title='bbox 528 1493 626 1578; x_wconf 89' lang='lat' dir='ltr'>spatii</span> <span class='ocrx_word' id='word_1_111' title='bbox 657 1515 674 1558; x_wconf 91' lang='lat' dir='ltr'>e</span> <span class='ocrx_word' id='word_1_112' title='bbox 705 1492 832 1557; x_wconf 82' lang='lat' dir='ltr'>diverso</span> <span class='ocrx_word' id='word_1_113' title='bbox 861 1493 1055 1582; x_wconf 82' lang='lat' dir='ltr'>Alexander,</span> 
     </span>
     <span class='ocr_line' id='line_1_16' title="bbox 0 1581 1056 1666; baseline 0.003 -20"><span class='ocrx_word' id='word_1_114' title='bbox 0 1605 25 1646; x_wconf 67' lang='lat'>15</span> <span class='ocrx_word' id='word_1_115' title='bbox 39 1607 96 1649; x_wconf 89' lang='lat' dir='ltr'>rex</span> <span class='ocrx_word' id='word_1_116' title='bbox 118 1581 340 1661; x_wconf 78' lang='lat' dir='ltr'>Macedoniae,</span> <span class='ocrx_word' id='word_1_117' title='bbox 369 1587 474 1648; x_wconf 90' lang='lat' dir='ltr'>morte</span> <span class='ocrx_word' id='word_1_118' title='bbox 499 1605 558 1648; x_wconf 88' lang='lat' dir='ltr'>sua</span> <span class='ocrx_word' id='word_1_119' title='bbox 580 1581 666 1646; x_wconf 84' lang='lat' dir='ltr'>foret</span> <span class='ocrx_word' id='word_1_120' title='bbox 689 1582 839 1666; x_wconf 82' lang='lat' dir='ltr'>Aegypto</span> <span class='ocrx_word' id='word_1_121' title='bbox 863 1583 1056 1650; x_wconf 85' lang='lat' dir='ltr'>traditurus.</span> 
     </span>
     <span class='ocr_line' id='line_1_17' title="bbox 128 1670 1094 1756; baseline -0.003 -21"><span class='ocrx_word' id='word_1_122' title='bbox 128 1671 162 1737; x_wconf 78' lang='lat'>9.</span> <span class='ocrx_word' id='word_1_123' title='bbox 190 1670 289 1736; x_wconf 79' lang='lat' dir='ltr'>Enim</span> <span class='ocrx_word' id='word_1_124' title='bbox 312 1671 482 1756; x_wconf 87' lang='lat' dir='ltr'>Philippus</span> <span class='ocrx_word' id='word_1_125' title='bbox 506 1670 651 1755; x_wconf 90' lang='lat' dir='ltr'>Delphos</span> <span class='ocrx_word' id='word_1_126' title='bbox 675 1670 765 1736; x_wconf 86' lang='lat' dir='ltr'>misit</span> <span class='ocrx_word' id='word_1_127' title='bbox 788 1691 883 1752; x_wconf 89' lang='lat' dir='ltr'>super</span> <span class='ocrx_word' id='word_1_128' title='bbox 906 1672 998 1755; x_wconf 82' lang='lat' dir='ltr'>regni</span> <span class='ocrx_word' id='word_1_129' title='bbox 1037 1679 1094 1733; x_wconf 80' lang='lat' dir='ltr'>XV.</span> 
     </span>
     <span class='ocr_line' id='line_1_18' title="bbox 39 1759 1056 1846; baseline -0.001 -21"><span class='ocrx_word' id='word_1_130' title='bbox 39 1761 152 1846; x_wconf 90' lang='lat' dir='ltr'>suique</span> <span class='ocrx_word' id='word_1_131' title='bbox 181 1761 339 1825; x_wconf 87' lang='lat' dir='ltr'>sollicitus</span> <span class='ocrx_word' id='word_1_132' title='bbox 369 1782 552 1827; x_wconf 88' lang='lat' dir='ltr'>successore</span> <span class='ocrx_word' id='word_1_133' title='bbox 580 1781 834 1845; x_wconf 88' lang='lat' dir='ltr'>responsumque</span> <span class='ocrx_word' id='word_1_134' title='bbox 865 1759 990 1842; x_wconf 87' lang='lat' dir='ltr'>accepit</span> <span class='ocrx_word' id='word_1_135' title='bbox 1021 1761 1056 1824; x_wconf 92' lang='lat' dir='ltr'>in</span> 
     </span>
     <span class='ocr_line' id='line_1_19' title="bbox 37 1848 1055 1935; baseline 0.002 -23"><span class='ocrx_word' id='word_1_136' title='bbox 37 1848 124 1913; x_wconf 89' lang='lat' dir='ltr'>hunc</span> <span class='ocrx_word' id='word_1_137' title='bbox 152 1849 298 1916; x_wconf 90' lang='lat' dir='ltr'>modum:</span> <span class='ocrx_word' id='word_1_138' title='bbox 328 1849 372 1915; x_wconf 73' lang='lat'>‘0</span> <span class='ocrx_word' id='word_1_139' title='bbox 401 1849 567 1935; x_wconf 87' lang='lat' dir='ltr'>Philipps,</span> <span class='ocrx_word' id='word_1_140' title='bbox 595 1851 622 1914; x_wconf 93' lang='lat' dir='ltr'>is</span> <span class='ocrx_word' id='word_1_141' title='bbox 652 1849 781 1914; x_wconf 89' lang='lat' dir='ltr'>demum</span> <span class='ocrx_word' id='word_1_142' title='bbox 808 1848 874 1913; x_wconf 87' lang='lat' dir='ltr'>tuis</span> <span class='ocrx_word' id='word_1_143' title='bbox 903 1849 1055 1932; x_wconf 89' lang='lat' dir='ltr'>omnique</span> 
     </span>
     <span class='ocr_line' id='line_1_20' title="bbox 39 1937 1054 2023; baseline -0.001 -20"><span class='ocrx_word' id='word_1_144' title='bbox 39 1939 116 2003; x_wconf 93' lang='lat' dir='ltr'>orbe</span> <span class='ocrx_word' id='word_1_145' title='bbox 145 1939 288 2022; x_wconf 89' lang='lat' dir='ltr'>potietur</span> <span class='ocrx_word' id='word_1_146' title='bbox 315 1943 348 2004; x_wconf 91' lang='lat' dir='ltr'>et</span> <span class='ocrx_word' id='word_1_147' title='bbox 375 1939 471 2004; x_wconf 88' lang='lat' dir='ltr'>hasta</span> <span class='ocrx_word' id='word_1_148' title='bbox 501 1938 610 2004; x_wconf 91' lang='lat' dir='ltr'>omnia</span> <span class='ocrx_word' id='word_1_149' title='bbox 638 1937 843 2023; x_wconf 85' lang='lat' dir='ltr'>subiugabit,</span> <span class='ocrx_word' id='word_1_150' title='bbox 873 1937 1054 2022; x_wconf 88' lang='lat' dir='ltr'>quicunque</span> 
     </span>
     <span class='ocr_line' id='line_1_21' title="bbox 0 2025 1053 2112; baseline 0.001 -24"><span class='ocrx_word' id='word_1_151' title='bbox 0 2046 25 2087; x_wconf 57' lang='lat'>&gt;10</span> <span class='ocrx_word' id='word_1_152' title='bbox 39 2026 260 2112; x_wconf 89' lang='lat' dir='ltr'>Bucephalam</span> <span class='ocrx_word' id='word_1_153' title='bbox 282 2048 399 2112; x_wconf 87' lang='lat' dir='ltr'>equum</span> <span class='ocrx_word' id='word_1_154' title='bbox 419 2028 566 2092; x_wconf 90' lang='lat' dir='ltr'>insiliens</span> <span class='ocrx_word' id='word_1_155' title='bbox 584 2028 727 2092; x_wconf 92' lang='lat' dir='ltr'>medium</span> <span class='ocrx_word' id='word_1_156' title='bbox 740 2027 851 2092; x_wconf 91' lang='lat' dir='ltr'>Pellae</span> <span class='ocrx_word' id='word_1_157' title='bbox 866 2025 1053 2090; x_wconf 68' lang='lat' dir='ltr'>transierit?</span> 
     </span>
     <span class='ocr_line' id='line_1_22' title="bbox 40 2113 1054 2200; baseline -0.001 -21"><span class='ocrx_word' id='word_1_158' title='bbox 40 2113 228 2180; x_wconf 88' lang='lat' dir='ltr'>Vocabatur</span> <span class='ocrx_word' id='word_1_159' title='bbox 252 2117 336 2179; x_wconf 89' lang='lat' dir='ltr'>enim</span> <span class='ocrx_word' id='word_1_160' title='bbox 362 2137 476 2199; x_wconf 78' lang='lat' dir='ltr'>equae,</span> <span class='ocrx_word' id='word_1_161' title='bbox 501 2137 595 2198; x_wconf 89' lang='lat' dir='ltr'>quem</span> <span class='ocrx_word' id='word_1_162' title='bbox 620 2137 717 2200; x_wconf 88' lang='lat' dir='ltr'>supra</span> <span class='ocrx_word' id='word_1_163' title='bbox 741 2115 895 2196; x_wconf 81' lang='lat' dir='ltr'>diximus,</span> <span class='ocrx_word' id='word_1_164' title='bbox 918 2115 975 2180; x_wconf 89' lang='lat' dir='ltr'>illo</span> <span class='ocrx_word' id='word_1_165' title='bbox 999 2137 1054 2178; x_wconf 93' lang='lat' dir='ltr'>no·</span> 
     </span>
     <span class='ocr_line' id='line_1_23' title="bbox 39 2202 1054 2286; baseline 0 -19"><span class='ocrx_word' id='word_1_166' title='bbox 39 2204 136 2286; x_wconf 77' lang='lat' dir='ltr'>mine,</span> <span class='ocrx_word' id='word_1_167' title='bbox 159 2225 224 2267; x_wconf 91' lang='lat' dir='ltr'>non</span> <span class='ocrx_word' id='word_1_168' title='bbox 250 2225 287 2267; x_wconf 90' lang='lat' dir='ltr'>eo</span> <span class='ocrx_word' id='word_1_169' title='bbox 312 2202 408 2267; x_wconf 91' lang='lat' dir='ltr'>modo</span> <span class='ocrx_word' id='word_1_170' title='bbox 433 2203 518 2286; x_wconf 90' lang='lat' dir='ltr'>quod</span> <span class='ocrx_word' id='word_1_171' title='bbox 543 2204 745 2267; x_wconf 83' lang='lat' dir='ltr'>corniculata</span> <span class='ocrx_word' id='word_1_172' title='bbox 767 2205 876 2269; x_wconf 84' lang='lat' dir='ltr'>fronte</span> <span class='ocrx_word' id='word_1_173' title='bbox 899 2204 1054 2267; x_wconf 87' lang='lat' dir='ltr'>terribilis</span> 
     </span>
     <span class='ocr_line' id='line_1_24' title="bbox 38 2290 1054 2376; baseline 0.002 -22"><span class='ocrx_word' id='word_1_174' title='bbox 38 2290 136 2375; x_wconf 85' lang='lat' dir='ltr'>foret,</span> <span class='ocrx_word' id='word_1_175' title='bbox 165 2292 220 2356; x_wconf 89' lang='lat' dir='ltr'>sed</span> <span class='ocrx_word' id='word_1_176' title='bbox 250 2290 336 2374; x_wconf 92' lang='lat' dir='ltr'>quod</span> <span class='ocrx_word' id='word_1_177' title='bbox 363 2292 485 2356; x_wconf 87' lang='lat' dir='ltr'>inustio</span> <span class='ocrx_word' id='word_1_178' title='bbox 515 2291 613 2355; x_wconf 90' lang='lat' dir='ltr'>etiam</span> <span class='ocrx_word' id='word_1_179' title='bbox 640 2291 778 2356; x_wconf 87' lang='lat' dir='ltr'>fortuita</span> <span class='ocrx_word' id='word_1_180' title='bbox 802 2293 960 2376; x_wconf 86' lang='lat' dir='ltr'>quaedam</span> <span class='ocrx_word' id='word_1_181' title='bbox 988 2293 1054 2356; x_wconf 91' lang='lat' dir='ltr'>eius</span> 
     </span>
     <span class='ocr_line' id='line_1_25' title="bbox 39 2378 1055 2462; baseline -0.001 -18"><span class='ocrx_word' id='word_1_182' title='bbox 39 2400 139 2444; x_wconf 88' lang='lat' dir='ltr'>coxae</span> <span class='ocrx_word' id='word_1_183' title='bbox 163 2379 264 2444; x_wconf 80' lang='lat' dir='ltr'>veluti</span> <span class='ocrx_word' id='word_1_184' title='bbox 291 2379 412 2442; x_wconf 90' lang='lat' dir='ltr'>taurini</span> <span class='ocrx_word' id='word_1_185' title='bbox 440 2379 556 2462; x_wconf 82' lang='lat' dir='ltr'>capitis</span> <span class='ocrx_word' id='word_1_186' title='bbox 584 2379 752 2444; x_wconf 88' lang='lat' dir='ltr'>imitamen</span> <span class='ocrx_word' id='word_1_187' title='bbox 775 2380 946 2446; x_wconf 89' lang='lat' dir='ltr'>insederat.</span> <span class='ocrx_word' id='word_1_188' title='bbox 992 2378 1055 2444; x_wconf 82' lang='lat' dir='ltr'>Sed</span> 
     </span>
     <span class='ocr_line' id='line_1_26' title="bbox 0 2467 1056 2555; baseline 0.004 -27"><span class='ocrx_word' id='word_1_189' title='bbox 0 2487 25 2528; x_wconf 70' lang='lat' dir='ltr'>a</span> <span class='ocrx_word' id='word_1_190' title='bbox 39 2468 101 2533; x_wconf 90' lang='lat' dir='ltr'>hac</span> <span class='ocrx_word' id='word_1_191' title='bbox 125 2472 212 2532; x_wconf 87' lang='lat' dir='ltr'>sorte</span> <span class='ocrx_word' id='word_1_192' title='bbox 231 2471 361 2551; x_wconf 90' lang='lat' dir='ltr'>recepta</span> <span class='ocrx_word' id='word_1_193' title='bbox 384 2489 440 2532; x_wconf 90' lang='lat' dir='ltr'>rex</span> <span class='ocrx_word' id='word_1_194' title='bbox 459 2469 646 2551; x_wconf 89' lang='lat' dir='ltr'>opinionem</span> <span class='ocrx_word' id='word_1_195' title='bbox 669 2467 803 2534; x_wconf 87' lang='lat' dir='ltr'>fovebat</span> <span class='ocrx_word' id='word_1_196' title='bbox 826 2471 969 2555; x_wconf 88' lang='lat' dir='ltr'>praedici</span> <span class='ocrx_word' id='word_1_197' title='bbox 993 2470 1056 2533; x_wconf 92' lang='lat' dir='ltr'>sibi</span> 
     </span>
     <span class='ocr_line' id='line_1_27' title="bbox 38 2556 1101 2624; baseline 0 -2"><span class='ocrx_word' id='word_1_198' title='bbox 38 2556 214 2622; x_wconf 88' lang='lat' dir='ltr'>Herculem</span> <span class='ocrx_word' id='word_1_199' title='bbox 233 2556 394 2620; x_wconf 90' lang='lat' dir='ltr'>iuniorem</span> <span class='ocrx_word' id='word_1_200' title='bbox 414 2579 453 2620; x_wconf 87' lang='lat' dir='ltr'>ex</span> <span class='ocrx_word' id='word_1_201' title='bbox 470 2556 595 2622; x_wconf 86' lang='lat' dir='ltr'>famula</span> <span class='ocrx_word' id='word_1_202' title='bbox 618 2556 681 2621; x_wconf 92' lang='lat' dir='ltr'>sibi</span> <span class='ocrx_word' id='word_1_203' title='bbox 699 2561 821 2622; x_wconf 88' lang='lat' dir='ltr'>natum.</span> <span class='ocrx_word' id='word_1_204' title='bbox 861 2560 908 2622; x_wconf 88' lang='lat' dir='ltr'>At</span> <span class='ocrx_word' id='word_1_205' title='bbox 926 2580 1001 2624; x_wconf 83' lang='lat' dir='ltr'>vero</span> <span class='ocrx_word' id='word_1_206' title='bbox 1039 2563 1101 2618; x_wconf 85' lang='lat' dir='ltr'>XV]</span> 
     </span>
     <span class='ocr_line' id='line_1_28' title="bbox 39 2645 1057 2712; baseline 0.002 -5"><span class='ocrx_word' id='word_1_207' title='bbox 39 2645 225 2709; x_wconf 87' lang='lat' dir='ltr'>Alexander</span> <span class='ocrx_word' id='word_1_208' title='bbox 254 2666 327 2708; x_wconf 91' lang='lat' dir='ltr'>cum</span> <span class='ocrx_word' id='word_1_209' title='bbox 351 2645 529 2708; x_wconf 85' lang='lat' dir='ltr'>Aristotele</span> <span class='ocrx_word' id='word_1_210' title='bbox 558 2648 623 2709; x_wconf 91' lang='lat' dir='ltr'>iam</span> <span class='ocrx_word' id='word_1_211' title='bbox 648 2649 776 2710; x_wconf 89' lang='lat' dir='ltr'>tantum</span> <span class='ocrx_word' id='word_1_212' title='bbox 800 2646 926 2712; x_wconf 89' lang='lat' dir='ltr'>Milesio</span> <span class='ocrx_word' id='word_1_213' title='bbox 954 2650 1057 2711; x_wconf 91' lang='lat' dir='ltr'>utere-</span> 
     </span>
     <span class='ocr_line' id='line_1_29' title="bbox 38 2733 1056 2821; baseline 0.003 -26"><span class='ocrx_word' id='word_1_214' title='bbox 38 2738 101 2815; x_wconf 89' lang='lat' dir='ltr'>tur,</span> <span class='ocrx_word' id='word_1_215' title='bbox 125 2733 209 2798; x_wconf 84' lang='lat' dir='ltr'>forte</span> <span class='ocrx_word' id='word_1_216' title='bbox 228 2733 448 2816; x_wconf 87' lang='lat' dir='ltr'>praeceptoris</span> <span class='ocrx_word' id='word_1_217' title='bbox 470 2734 565 2798; x_wconf 90' lang='lat' dir='ltr'>istius</span> <span class='ocrx_word' id='word_1_218' title='bbox 590 2735 630 2797; x_wconf 92' lang='lat' dir='ltr'>ad</span> <span class='ocrx_word' id='word_1_219' title='bbox 651 2756 824 2819; x_wconf 89' lang='lat' dir='ltr'>puerorum</span> <span class='ocrx_word' id='word_1_220' title='bbox 843 2736 974 2821; x_wconf 88' lang='lat' dir='ltr'>ingenia</span> <span class='ocrx_word' id='word_1_221' title='bbox 993 2738 1056 2800; x_wconf 91' lang='lat' dir='ltr'>col-</span> 
     </span>
    </p>
   </div>
   <div class='ocr_carea' id='block_1_3' title="bbox 39 2904 1056 3611">
    <p class='ocr_par' dir='ltr' id='par_1_3' title="bbox 40 2904 1056 3472">
     <span class='ocr_line' id='line_1_30' title="bbox 130 2904 1056 2976; baseline 0.003 -16"><span class='ocrx_word' id='word_1_222' title='bbox 130 2912 145 2960; x_wconf 81' lang='lat'><strong>2</strong></span> <span class='ocrx_word' id='word_1_223' title='bbox 165 2904 287 2974; x_wconf 86' lang='lat' dir='ltr'>relinqui</span> <span class='ocrx_word' id='word_1_224' title='bbox 311 2905 344 2959; x_wconf 89' lang='lat' dir='ltr'>P.</span> <span class='ocrx_word' id='word_1_225' title='bbox 380 2907 469 2961; x_wconf 69' lang='lat' dir='ltr'>cubis</span> <span class='ocrx_word' id='word_1_226' title='bbox 495 2906 587 2960; x_wconf 79' lang='lat' dir='ltr'>‘Nam</span> <span class='ocrx_word' id='word_1_227' title='bbox 612 2909 641 2961; x_wconf 84' lang='lat' dir='ltr'>et</span> <span class='ocrx_word' id='word_1_228' title='bbox 665 2909 736 2962; x_wconf 89' lang='lat' dir='ltr'>ncx’</span> <span class='ocrx_word' id='word_1_229' title='bbox 763 2909 862 2976; x_wconf 67' lang='lat' dir='ltr'>finimas</span> <span class='ocrx_word' id='word_1_230' title='bbox 886 2910 985 2975; x_wconf 80' lang='lat' dir='ltr'>solium</span> <span class='ocrx_word' id='word_1_231' title='bbox 1010 2927 1056 2963; x_wconf 81' lang='lat' dir='ltr'>cx-</span> 
     </span>
     <span class='ocr_line' id='line_1_31' title="bbox 40 2975 1055 3049; baseline 0.001 -17"><span class='ocrx_word' id='word_1_232' title='bbox 40 2982 161 3048; x_wconf 79' lang='lat' dir='ltr'>cerptum</span> <span class='ocrx_word' id='word_1_233' title='bbox 185 2995 218 3031; x_wconf 81' lang='lat' dir='ltr'>ea</span> <span class='ocrx_word' id='word_1_234' title='bbox 237 2978 295 3032; x_wconf 84' lang='lat' dir='ltr'>cod.</span> <span class='ocrx_word' id='word_1_235' title='bbox 316 2975 410 3032; x_wconf 84' lang='lat' dir='ltr'>Paris.</span> <span class='ocrx_word' id='word_1_236' title='bbox 430 2982 521 3044; x_wconf 83' lang='grc'><strong><em>4880,</em></strong></span> <span class='ocrx_word' id='word_1_237' title='bbox 545 2994 620 3032; x_wconf 74' lang='lat' dir='ltr'>armo</span> <span class='ocrx_word' id='word_1_238' title='bbox 638 2980 843 3049; x_wconf 71' lang='lat' dir='ltr'>apptatiaatum</span> <span class='ocrx_word' id='word_1_239' title='bbox 866 2978 954 3034; x_wconf 78' lang='lat' dir='ltr'>codici</span> <span class='ocrx_word' id='word_1_240' title='bbox 973 2983 1055 3033; x_wconf 83' lang='lat'><strong><em>5873.</em></strong></span> 
     </span>
     <span class='ocr_line' id='line_1_32' title="bbox 41 3047 1055 3115; baseline -0.001 -11"><span class='ocrx_word' id='word_1_241' title='bbox 41 3056 57 3104; x_wconf 82' lang='grc'><strong>3</strong></span> <span class='ocrx_word' id='word_1_242' title='bbox 82 3051 220 3105; x_wconf 85' lang='lat' dir='ltr'>secretum</span> <span class='ocrx_word' id='word_1_243' title='bbox 244 3051 379 3103; x_wconf 82' lang='lat' dir='ltr'>venerant</span> <span class='ocrx_word' id='word_1_244' title='bbox 402 3048 433 3102; x_wconf 93' lang='lat' dir='ltr'>T.</span> <span class='ocrx_word' id='word_1_245' title='bbox 506 3054 524 3101; x_wconf 85' lang='grc'>4</span> <span class='ocrx_word' id='word_1_246' title='bbox 547 3064 630 3115; x_wconf 90' lang='lat' dir='ltr'>quem</span> <span class='ocrx_word' id='word_1_247' title='bbox 654 3047 846 3104; x_wconf 86' lang='lat' dir='ltr'>valentissime</span> <span class='ocrx_word' id='word_1_248' title='bbox 871 3048 998 3101; x_wconf 83' lang='lat' dir='ltr'>revectat</span> <span class='ocrx_word' id='word_1_249' title='bbox 1021 3049 1055 3103; x_wconf 93' lang='lat' dir='ltr'>P.</span> 
     </span>
     <span class='ocr_line' id='line_1_33' title="bbox 40 3117 1056 3186; baseline -0.002 -11"><span class='ocrx_word' id='word_1_250' title='bbox 40 3125 148 3176; x_wconf 79' lang='lat' dir='ltr'>secatus</span> <span class='ocrx_word' id='word_1_251' title='bbox 165 3137 226 3175; x_wconf 80' lang='lat' dir='ltr'>sum</span> <span class='ocrx_word' id='word_1_252' title='bbox 246 3118 277 3172; x_wconf 87' lang='lat' dir='ltr'>T.</span> <span class='ocrx_word' id='word_1_253' title='bbox 369 3122 518 3174; x_wconf 74' lang='lat' dir='ltr'>denarrat</span> <span class='ocrx_word' id='word_1_254' title='bbox 539 3119 568 3176; x_wconf 87' lang='lat' dir='ltr'>T.</span> <span class='ocrx_word' id='word_1_255' title='bbox 601 3119 726 3186; x_wconf 85' lang='lat' dir='ltr'>alloquio</span> <span class='ocrx_word' id='word_1_256' title='bbox 750 3120 783 3174; x_wconf 93' lang='grc' dir='ltr'>Ρ.</span> <span class='ocrx_word' id='word_1_257' title='bbox 874 3117 953 3172; x_wconf 72' lang='lat' dir='ltr'>scot</span> <span class='ocrx_word' id='word_1_258' title='bbox 975 3119 1056 3174; x_wconf 87' lang='lat' dir='ltr'>annis</span> 
     </span>
     <span class='ocr_line' id='line_1_34' title="bbox 40 3187 1055 3259; baseline -0.002 -13"><span class='ocrx_word' id='word_1_259' title='bbox 40 3207 92 3246; x_wconf 87' lang='lat' dir='ltr'>om.</span> <span class='ocrx_word' id='word_1_260' title='bbox 114 3191 145 3245; x_wconf 94' lang='lat' dir='ltr'>T.</span> <span class='ocrx_word' id='word_1_261' title='bbox 175 3191 255 3246; x_wconf 86' lang='lat' dir='ltr'>vanis</span> <span class='ocrx_word' id='word_1_262' title='bbox 274 3206 324 3245; x_wconf 89' lang='lat' dir='ltr'>om.</span> <span class='ocrx_word' id='word_1_263' title='bbox 344 3188 376 3243; x_wconf 93' lang='lat' dir='ltr'>P.</span> <span class='ocrx_word' id='word_1_264' title='bbox 422 3189 642 3259; x_wconf 76' lang='lat' dir='ltr'>eprobritatem</span> <span class='ocrx_word' id='word_1_265' title='bbox 665 3189 695 3245; x_wconf 87' lang='grc' dir='ltr'>Τ.</span> <span class='ocrx_word' id='word_1_266' title='bbox 743 3195 777 3243; x_wconf 89' lang='grc'>10</span> <span class='ocrx_word' id='word_1_267' title='bbox 796 3204 880 3257; x_wconf 85' lang='lat' dir='ltr'>quarn</span> <span class='ocrx_word' id='word_1_268' title='bbox 900 3187 1000 3241; x_wconf 89' lang='lat' dir='ltr'>decore</span> <span class='ocrx_word' id='word_1_269' title='bbox 1023 3190 1055 3244; x_wconf 89' lang='lat' dir='ltr'>T.</span> 
     </span>
     <span class='ocr_line' id='line_1_35' title="bbox 40 3258 1055 3330; baseline 0.001 -16"><span class='ocrx_word' id='word_1_270' title='bbox 40 3262 73 3315; x_wconf 79' lang='lat' dir='ltr'>ut</span> <span class='ocrx_word' id='word_1_271' title='bbox 96 3278 145 3317; x_wconf 86' lang='lat' dir='ltr'>om.</span> <span class='ocrx_word' id='word_1_272' title='bbox 172 3261 204 3318; x_wconf 91' lang='lat' dir='ltr'>P.</span> <span class='ocrx_word' id='word_1_273' title='bbox 279 3267 311 3315; x_wconf 78' lang='lat'>12</span> <span class='ocrx_word' id='word_1_274' title='bbox 331 3261 406 3330; x_wconf 91' lang='lat' dir='ltr'>quod</span> <span class='ocrx_word' id='word_1_275' title='bbox 428 3260 494 3314; x_wconf 91' lang='lat' dir='ltr'>hnic</span> <span class='ocrx_word' id='word_1_276' title='bbox 517 3259 597 3330; x_wconf 86' lang='lat' dir='ltr'>genti</span> <span class='ocrx_word' id='word_1_277' title='bbox 620 3261 746 3315; x_wconf 86' lang='lat' dir='ltr'>clausum</span> <span class='ocrx_word' id='word_1_278' title='bbox 769 3258 827 3313; x_wconf 83' lang='lat' dir='ltr'>iam</span> <span class='ocrx_word' id='word_1_279' title='bbox 850 3258 998 3312; x_wconf 85' lang='lat' dir='ltr'>deberetur</span> <span class='ocrx_word' id='word_1_280' title='bbox 1024 3261 1055 3315; x_wconf 90' lang='lat' dir='ltr'>T.</span> 
     </span>
     <span class='ocr_line' id='line_1_36' title="bbox 43 3329 1056 3388; baseline 0.001 -4"><span class='ocrx_word' id='word_1_281' title='bbox 43 3336 75 3385; x_wconf 83' lang='lat'>13</span> <span class='ocrx_word' id='word_1_282' title='bbox 95 3331 125 3385; x_wconf 92' lang='lat' dir='ltr'>in</span> <span class='ocrx_word' id='word_1_283' title='bbox 139 3332 307 3388; x_wconf 85' lang='lat' dir='ltr'>Macedonia</span> <span class='ocrx_word' id='word_1_284' title='bbox 317 3332 348 3387; x_wconf 95' lang='lat' dir='ltr'>T.</span> <span class='ocrx_word' id='word_1_285' title='bbox 368 3331 551 3386; x_wconf 83' lang='lat' dir='ltr'>Macedoniae</span> <span class='ocrx_word' id='word_1_286' title='bbox 563 3333 596 3386; x_wconf 91' lang='lat' dir='ltr'>P.</span> <span class='ocrx_word' id='word_1_287' title='bbox 648 3335 683 3384; x_wconf 82' lang='lat'>14</span> <span class='ocrx_word' id='word_1_288' title='bbox 701 3331 735 3384; x_wconf 87' lang='lat' dir='ltr'>de</span> <span class='ocrx_word' id='word_1_289' title='bbox 750 3329 859 3385; x_wconf 90' lang='lat' dir='ltr'>diverso</span> <span class='ocrx_word' id='word_1_290' title='bbox 873 3329 906 3382; x_wconf 93' lang='lat' dir='ltr'>P.</span> <span class='ocrx_word' id='word_1_291' title='bbox 955 3334 987 3382; x_wconf 77' lang='lat'>15</span> <span class='ocrx_word' id='word_1_292' title='bbox 1006 3347 1056 3385; x_wconf 93' lang='lat' dir='ltr'>rex</span> 
     </span>
     <span class='ocr_line' id='line_1_37' title="bbox 40 3398 929 3472; baseline -0.002 -18"><span class='ocrx_word' id='word_1_293' title='bbox 40 3399 224 3458; x_wconf 83' lang='lat' dir='ltr'>Macedoniae</span> <span class='ocrx_word' id='word_1_294' title='bbox 245 3404 277 3458; x_wconf 93' lang='lat' dir='ltr'>T.</span> <span class='ocrx_word' id='word_1_295' title='bbox 305 3403 470 3458; x_wconf 87' lang='lat' dir='ltr'>Macedonia</span> <span class='ocrx_word' id='word_1_296' title='bbox 488 3404 521 3457; x_wconf 89' lang='lat' dir='ltr'>P.</span> <span class='ocrx_word' id='word_1_297' title='bbox 555 3403 643 3472; x_wconf 87' lang='lat' dir='ltr'>(post)</span> <span class='ocrx_word' id='word_1_298' title='bbox 660 3403 777 3455; x_wconf 87' lang='lat' dir='ltr'>mortem</span> <span class='ocrx_word' id='word_1_299' title='bbox 798 3416 876 3454; x_wconf 89' lang='lat' dir='ltr'>snam</span> <span class='ocrx_word' id='word_1_300' title='bbox 898 3398 929 3453; x_wconf 89' lang='lat' dir='ltr'>T.</span> 
     </span>
    </p>

    <p class='ocr_par' dir='ltr' id='par_1_4' title="bbox 39 3469 1055 3611">
     <span class='ocr_line' id='line_1_38' title="bbox 129 3469 1054 3540; baseline -0.002 -14"><span class='ocrx_word' id='word_1_301' title='bbox 129 3474 158 3528; x_wconf 84' lang='grc'>9.</span> <span class='ocrx_word' id='word_1_302' title='bbox 188 3480 220 3529; x_wconf 76' lang='grc'>17</span> <span class='ocrx_word' id='word_1_303' title='bbox 240 3490 428 3529; x_wconf 86' lang='lat' dir='ltr'>successorem</span> <span class='ocrx_word' id='word_1_304' title='bbox 446 3475 480 3530; x_wconf 90' lang='lat' dir='ltr'>P.</span> <span class='ocrx_word' id='word_1_305' title='bbox 518 3479 551 3528; x_wconf 90' lang='lat'>18</span> <span class='ocrx_word' id='word_1_306' title='bbox 572 3474 594 3528; x_wconf 95' lang='lat' dir='ltr'><strong>O</strong></span> <span class='ocrx_word' id='word_1_307' title='bbox 614 3490 664 3528; x_wconf 83' lang='lat' dir='ltr'>om.</span> <span class='ocrx_word' id='word_1_308' title='bbox 687 3473 718 3527; x_wconf 91' lang='lat' dir='ltr'>T.</span> <span class='ocrx_word' id='word_1_309' title='bbox 755 3478 790 3527; x_wconf 79' lang='lat'>20</span> <span class='ocrx_word' id='word_1_310' title='bbox 808 3469 1002 3540; x_wconf 86' lang='lat' dir='ltr'>Bucephalum</span> <span class='ocrx_word' id='word_1_311' title='bbox 1023 3471 1054 3525; x_wconf 90' lang='lat' dir='ltr'>T.</span> 
     </span>
     <span class='ocr_line' id='line_1_39' title="bbox 39 3540 1055 3611; baseline 0.002 -17"><span class='ocrx_word' id='word_1_312' title='bbox 39 3546 73 3595; x_wconf 77' lang='lat'>23</span> <span class='ocrx_word' id='word_1_313' title='bbox 93 3541 144 3595; x_wconf 87' lang='lat' dir='ltr'>sed</span> <span class='ocrx_word' id='word_1_314' title='bbox 165 3542 195 3596; x_wconf 90' lang='lat' dir='ltr'>T.</span> <span class='ocrx_word' id='word_1_315' title='bbox 225 3546 254 3598; x_wconf 87' lang='lat' dir='ltr'>et</span> <span class='ocrx_word' id='word_1_316' title='bbox 273 3543 305 3598; x_wconf 86' lang='lat' dir='ltr'>P.</span> <span class='ocrx_word' id='word_1_317' title='bbox 386 3550 420 3600; x_wconf 76' lang='grc'>27</span> <span class='ocrx_word' id='word_1_318' title='bbox 439 3547 551 3600; x_wconf 87' lang='lat' dir='ltr'>tantum</span> <span class='ocrx_word' id='word_1_319' title='bbox 569 3544 680 3600; x_wconf 86' lang='lat' dir='ltr'>Milesio</span> <span class='ocrx_word' id='word_1_320' title='bbox 702 3542 735 3599; x_wconf 92' lang='lat' dir='ltr'>P.</span> <span class='ocrx_word' id='word_1_321' title='bbox 763 3543 844 3598; x_wconf 86' lang='lat' dir='ltr'>tanto</span> <span class='ocrx_word' id='word_1_322' title='bbox 863 3540 1000 3611; x_wconf 83' lang='lat' dir='ltr'>magistro</span> <span class='ocrx_word' id='word_1_323' title='bbox 1022 3541 1055 3596; x_wconf 91' lang='lat' dir='ltr'>T.</span> 
     </span>
    </p>
   </div>
   <div class='ocr_carea' id='block_1_4' title="bbox 0 0 1194 3938">
    <p class='ocr_par' dir='ltr' id='par_1_5' title="bbox 0 0 1194 3938">
     <span class='ocr_line' id='line_1_40' title="bbox 0 0 1194 3938; baseline 0 0"><span class='ocrx_word' id='word_1_324' title='bbox 0 0 1194 3938; x_wconf 95' lang='lat' dir='ltr'> </span> 
     </span>
    </p>
   </div>
  </div>
 </body>
</html>
