2362 3938
486 192 702 248 PRAEFATIO.
1061 197 1100 251 lX

86 356 148 422 338
170 357 378 422 consulatum
398 357 550 439 adeptum
570 377 648 434 esse,
667 355 746 419 haee
766 357 882 438 omnia,
904 378 1099 444 quamquam

87 446 172 509 belle
192 447 382 529 excogitata
404 450 488 527 sunt,
512 448 623 509 tamen
641 445 696 509 vix
719 444 819 528 digna
838 445 998 528 videntur,
1023 450 1099 532 quai

88 538 394 598 commemorentur.
432 532 531 598 Nullo
552 533 638 598 enim
659 537 851 617 argumento
870 534 1029 618 nituntur,
1048 537 1099 602 nis

84 622 206 687 codicis
221 622 432 687 Taurinensis
451 621 690 706 subscriptione
703 621 779 685 libri
798 622 930 685 secundi
945 644 964 686 a
979 622 1099 691 Grione

83 712 169 776 falso
200 711 248 774 ita
278 712 378 775 lectar
410 710 487 774 Iulii
518 709 641 774 Valerii
671 706 913 860 Alexandriani)
945 708 1098 800 V(alerii)

84 797 303 885 C(onstantii)
323 795 477 885 Lliberti)
496 797 622 863 Polemi
641 798 818 863 Alexandri
872 798 1022 863 acedonis
1040 805 1099 868 ete.

175 887 312 954 Maioris
340 888 496 952 momenti
524 910 562 952 ea
591 891 678 970 sunt,
709 908 789 970 quae
817 886 1031 972 Landgrafius
1060 891 1099 955 de

83 975 161 1040 Iulii
182 975 306 1042 Valerii
329 998 389 1040 usu
413 975 540 1041 dicendi
563 975 725 1058 disseruit,
749 978 786 1039 ut
809 997 882 1040 eum
908 976 1097 1042 Africanum

85 1064 187 1129 fuisse
218 1065 411 1130 ostenderet.
464 1063 567 1140 Quam
601 1065 786 1147 opinionem
819 1064 882 1128 etsi
914 1066 988 1130 aliis
1020 1067 1098 1132 viris

84 1154 190 1217 doctis
208 1154 363 1237 probavit
386 1157 419 1218 et
439 1175 554 1218 revera
571 1151 634 1217 hoc
653 1153 686 1216 in
705 1153 877 1236 propatulo
897 1157 955 1236 est,
977 1154 1098 1220 Iulium

84 1242 255 1306 Valerium
273 1264 341 1307 non
360 1264 397 1306 ex
415 1240 513 1306 Italia
534 1241 704 1306 oriundum
722 1242 830 1326 fuisse,
854 1245 965 1306 tamen
988 1248 1098 1309 utrum

82 1331 117 1394 in
136 1331 314 1414 provinciis
334 1329 464 1396 Africae
488 1353 529 1394 an
552 1330 588 1394 in
607 1330 758 1413 Aegypto
782 1353 824 1394 an
846 1331 881 1394 in
899 1329 979 1396 Asia
1000 1336 1098 1397 natus

83 1420 136 1501 sit,
159 1442 275 1503 parum
300 1422 429 1484 constat
452 1440 489 1483 ac
513 1420 582 1483 solo
608 1417 774 1502 scriptoris
800 1441 947 1483 sermone
969 1421 1022 1484 vix
1046 1422 1099 1485 de-

81 1507 169 1573 finiri
193 1511 313 1592 potest.

178 1629 330 1715 Codices,
368 1631 485 1715 quibus
522 1632 556 1694 in
589 1630 710 1694 edendo
745 1630 820 1694 Iulii
856 1630 978 1695 Valerii
1013 1632 1098 1696 libro

82 1724 201 1801 uterer,
224 1719 305 1783 mihi
329 1720 540 1784 innotuerunt
562 1719 611 1783 hi:

175 1823 570 1910 reseruassemus
590 1823 868 1911 (laurinensis),
887 1846 981 1908 quem
1001 1832 1057 1890 ant
1060 1849 1098 1892 ea

82 1914 117 1978 in
140 1915 330 1979 monasterii
353 1914 524 1979 Bobiensis
550 1914 642 1978 libris
665 1914 765 1978 fuisse
788 1913 950 1976 Amedeus
971 1914 1097 1997 Peyron

82 2007 170 2067 reete
199 2003 288 2067 videt
274 2007 328 2066 tur
359 2003 540 2086 suspicatus
575 2025 654 2068 esre
706 2001 864 2066 Constitit
822 2002 972 2066 tolim
999 2002 1097 2081 foliis,

85 2113 167 2175 quae
186 2092 313 2156 minora
333 2091 444 2156 dicunt
430 2096 492 2175 tur,
515 2092 590 2155 altis
613 2091 710 2174 0‚266
725 2113 777 2173 m„
799 2091 855 2155 lat
831 2094 875 2155 t1s
897 2091 964 2154 fere
987 2092 1039 2175 0,2
1054 2115 1096 2158 m

82 2179 121 2243 ln
143 2180 195 2243 his
219 2179 341 2244 saeculi
360 2179 465 2263 quinti
483 2181 534 2244 vel
557 2184 627 2244 sext
628 2204 640 2244 1
613 2180 777 2244 t'litteris
796 2180 978 2244 uncialibus
997 2181 1097 2246 codex

85 2267 382 2333 Theodosianusit
368 2273 404 2331 ta
424 2268 563 2351 scriptus
588 2272 666 2349 erat,
689 2268 878 2353 sutingula
897 2269 976 2332 folia
998 2270 1098 2334 unde-

86 2357 312 2440 quadragenos
330 2378 443 2420 versus
464 2378 524 2420 con
526 2318 676 2421 tinerend.
689 2291 848 2421 uSaeculo
873 2357 1012 2441 septimo
1035 2359 1097 2424 hac

82 2447 247 2528 scriptura
274 2446 391 2509 abrasa
419 2444 510 2509 ablut
496 2449 595 2528 taque
618 2445 734 2509 folia
725 2467 759 2507 1n
788 2447 934 2531 margine
961 2447 1095 2512 sinistro

82 2536 253 2616 amputata
282 2537 377 2617 atque
404 2534 452 2597 ita
480 2534 674 2617 complicata
701 2536 791 2612 sunt,
819 2537 856 2597 ut
883 2535 1020 2619 paginae
1050 2535 1095 2599 di·

81 2622 181 2686 midio
195 2620 338 2686 minores
358 2621 569 2703 efficerentur,
588 2644 684 2706 quarn
704 2627 801 2686 antea
815 2622 952 2705 fuerant,
969 2623 1095 2689 scilicet

80 2711 166 2775 altae
186 2710 350 2792 0,194m.,
372 2710 459 2774 latae
478 2711 634 2790 0,133m.<
670 2709 794 2774 Deinde
814 2711 918 2793 quinis
937 2713 989 2774 vel
1009 2712 1094 2776 senis

79 2798 198 2862 horum
213 2797 367 2862 foliorum
386 2799 420 2862 in
439 2799 585 2882 singulos
603 2799 774 2863 fasciculos
794 2799 972 2864 coniunctis
990 2821 1093 2864 novus

80 2887 163 2952 liber
187 2887 388 2969 compositus
417 2891 468 2951 est
496 2887 529 2949 in
553 2909 654 2971 eoque
678 2887 811 2971 litteris,
841 2910 921 2972 quas
950 2888 1093 2951 cursivas

79 2975 245 3039 Romanas
265 2973 384 3058 dicunt,
406 2974 483 3038 Iulii
496 2973 621 3039 Valerii
643 2998 695 3040 res
719 2980 829 3058 gestae
849 2975 1024 3039 Alexandri
1047 2976 1094 3037 ita

80 3065 221 3147 scriptae
250 3068 342 3146 sunt,
369 3066 407 3126 ut
433 3063 538 3128 lineae
567 3065 746 3148 scripturae
773 3062 961 3146 posterioris
987 3065 1092 3125 trans-

80 3174 170 3217 verse
194 3155 363 3216 currerent
386 3173 485 3235 supra
507 3152 612 3216 lineas
637 3154 815 3235 scripturae
838 3149 963 3232 prioris.

170 3348 196 3413 1)
216 3344 347 3414 Egerunt
372 3343 406 3398 de
431 3346 485 3400 hoe
511 3343 607 3398 codice
635 3341 771 3397 Zacher'
764 3359 792 3394 in
818 3339 1093 3394 Pseudocallisthene
1135 3391 1137 3396 .

96 3420 256 3485 pso—41,
277 3413 308 3468 P.
327 3413 453 3485 Meyer(
454 3414 610 3469 Alexandro
635 3414 661 3468 le
681 3411 774 3493 Grapd
794 3411 863 3464 dans
886 3411 915 3465 la
934 3409 1092 3465 litterature

77 3432 180 3541 liiii,
138 3487 214 3559 caiae
235 3501 273 3540 au
291 3501 394 3552 moyen
412 3418 473 3556 ade,
492 3487 531 3552 Il,
550 3502 596 3555 pp.
614 3489 647 3538 14
662 3482 748 3552 sq)
740 3499 802 3551 ipse
821 3481 964 3539 inRivist.
984 3483 1010 3538 d.
1026 3482 1093 3538 filol.

79 3562 152 3628 ress,
174 3576 225 3629 pp.
239 3559 334 3612 ass-
340 3561 401 3611 eos.
