2362 3938
358 886 543 959 DOMITII
568 887 764 960 VLPIANI

165 1009 265 1064 maai
283 1009 389 1065 Parni
407 1010 699 1066 iusrirvsioiivu
716 1011 814 1067 ivars
836 1012 964 1068 civinis

281 1127 455 1196 asiiovii'n
469 1149 510 1188 nx
526 1147 597 1191 con.
615 1149 856 1194 vrunoaonuusr.

51 1286 89 1338 Μ
156 1277 320 1347 ExUlpiani
329 1277 539 1331 Institutionum
548 1277 634 1342 libris,
646 1293 763 1346 qnorum
774 1285 956 1350 supraptdt.
966 1298 1043 1336 men·

96 1345 193 1400 tionem
209 1345 343 1407 fecimus,
360 1346 474 1412 praeter
491 1344 627 1398 tredecim
644 1345 718 1409 loca,
736 1362 809 1414 quae
826 1346 959 1416 inscripto
976 1349 1045 1404 libri

95 1411 171 1466 titulo
188 1412 218 1466 in
229 1411 379 1466 Iustiniani
390 1411 514 1480 Digesta,
533 1411 595 1476 alia,
615 1428 686 1479 quae
704 1414 789 1467 tacite
806 1414 836 1468 in
853 1415 978 1469 eiusdem
996 1416 1041 1470 In·

96 1480 250 1534 stitutiones
267 1478 434 1547 migrarunt,
452 1480 483 1532 et
494 1494 535 1544 ea,
554 1495 625 1546 quac
637 1479 665 1532 in
679 1479 834 1536 Collatione
850 1483 956 1550 extant,
973 1499 1041 1537 non-

95 1547 166 1600 nulla
182 1547 271 1600 etiam
293 1546 405 1599 servata
426 1546 537 1599 suntin
555 1547 704 1614 segmentis
723 1549 881 1616 etquidem
903 1550 1042 1603 scamellis

96 1613 307 1678 (Quemtreifen)
330 1611 449 1666 duorum
471 1612 602 1667 foliorum
628 1613 732 1668 codicis
757 1616 919 1683 perantiqui
945 1616 1043 1680 (seculi

95 1681 179 1747 quinti
190 1696 251 1735 esse
264 1680 414 1746 censetur).
427 1680 476 1746 qui
488 1679 629 1748 integrum
641 1680 774 1748 hocopus
786 1681 955 1736 continuisse
965 1682 1042 1737 vide-

95 1748 146 1811 tur,
165 1763 189 1801 a
211 1752 285 1802 iseo.
303 1745 339 1800 ab
357 1745 524 1800 Endlichcro
542 1747 572 1800 in
588 1747 672 1802 theca
689 1747 760 1801 alius
776 1747 842 1802 libri
860 1750 1043 1818 manuscripti

95 1813 972 1936 seruitutisttterritattrtttrrtrtt
990 1832 1042 1950 {¹22⁰

95 1962 214 2014 sueram,
236 1947 287 2001 sed
308 1948 341 2000 ut
362 1944 393 2000 P.
411 1946 521 2016 Krtiger
543 1949 663 2002 excussis
684 1946 847 2015 diligentius
868 1946 911 2001 his
933 1947 1043 2002 laciniis

95 2029 178 2082 nuper
186 2014 287 2092 docuit
298 2012 382 2091 (Krit.
394 2013 535 2092 Versuche
544 2032 574 2092 p.
589 2018 657 2082 140),
673 2015 774 2092 torma,
781 2014 925 2092 octonaria
937 2016 967 2068 et
977 2016 1043 2069 scri·

95 2080 173 2147 ptura
183 2099 214 2136 iii
226 2097 448 2200 quamsnpagina
463 2081 591 2145 indivisa,
608 2082 734 2136 versibus
751 2083 862 2135 circiter
873 2097 985 2136 vicenas
996 2084 1044 2137 vel

94 2148 299 2289 ffiffiegeilrlirnets,
318 2148 394 2268 &erto
406 2214 516 2334 definilpli
528 2231 582 2268 non
594 2216 696 2283 potest,
710 2215 778 2283 quia
788 2216 919 2271 foliorum
931 2219 1043 2272 tantum

94 2281 483 2426 mfimffevgrldiiligmqaugaditilg
496 2283 804 2415 iffasffitiiinegeidioe'
827 2349 864 2404 ad
880 2365 964 2418 quem
978 2367 1043 2470 per·

354 2150 429 2201 teras
451 2147 665 2203 continentibus.
701 2147 776 2213 Quot
792 2165 888 2202 versus
910 2150 1042 2218 peginam

93 2416 227 2481 tinebant,
240 2417 338 2470 secuta
349 2416 412 2479 sint
431 2415 551 2469 multum
564 2418 607 2469 est
618 2415 799 2483 disputatum.
826 2417 919 2470 Antea
930 2417 976 2483 (ed
999 2457 1004 2470 .
1020 2423 1042 2471 1.

93 2486 119 2537 et
128 2486 162 2549 2.)
171 2482 339 2536 Mommseni
349 2481 491 2549 (Zeitschr.
504 2483 524 2536 f.
538 2482 630 2551 geseh.
640 2482 673 2537 R.
683 2481 798 2558 W3XV.
807 2501 835 2552 p.
845 2487 916 2550 376),
929 2485 978 2549 qui
987 2486 1042 2551 pri-

92 2567 150 2604 mns
161 2551 228 2619 post
237 2548 437 2603 Endlicherum
448 2549 499 2602 has
510 2549 683 2604 membranas
701 2550 787 2602 etiarn
804 2551 891 2603 oculis
908 2549 1044 2604 curiosius

92 2619 275 2681 tractaverat,
300 2616 469 2669 sententiam
491 2615 637 2684 amplexus
658 2631 750 2683 neque
768 2632 786 2669 a
802 2615 878 2674 RP.
900 2617 1042 2684 Bremero,

90 2686 138 2752 qui
156 2700 219 2738 eam
236 2682 416 2760 impugnavit
433 2683 479 2748 (de
492 2682 571 2742 Dom.
585 2682 700 2751 Ulpiani
717 2682 943 2736 Institutionibus
954 2683 1043 2738 Bonn.

94 2755 176 2816 1863),
194 2752 229 2804 ut
245 2750 303 2803 alia
318 2750 475 2817 probarem,
494 2749 637 2818 permotus
656 2765 742 2804 eram.
774 2750 834 2803 Iam
846 2767 881 2805 ex
897 2751 951 2816 his,
970 2768 1043 2819 quae

91 2815 164 2871 Krne
185 2834 217 2872 er
229 2833 324 2872 rursus
336 2815 400 2884 plus
408 2815 580 2870 Mommseno
590 2817 662 2869 vidit
670 2819 700 2870 et
710 2818 884 2885 argumentis
896 2820 1044 2872 exsecutus

91 2888 139 2948 eet,
158 2835 194 2939 <fc
208 2900 241 2961 eo
255 2882 354 2937 ordine
366 2898 422 2961 non
434 2883 541 2960 dubito,
559 2898 615 2950 quo
632 2899 705 2938 nunc
717 2883 792 2960 ‘haec
809 2884 968 2954 fragmenta
980 2885 1042 2949 edo,

90 2956 184 3006 vetere
197 2967 323 3020 priorum
338 2949 492 3003 editionum
503 2953 578 3004 inter
589 2952 704 3004 uncinas
715 2950 848 3008 indicato.
879 2951 961 3017 Isque
974 2948 1043 3002 ordo

89 3035 120 3073 eo
138 3021 230 3088 magis
253 3016 324 3070 mihi
344 3017 493 3084 probatur,
517 3016 593 3084 quod
611 3017 650 3071 sic
668 3017 704 3071 Ul
725 3017 804 3070 ianus
827 3016 861 3070 de
884 3015 1043 3067 interdictis

88 3085 265 3162 possessoriis
277 3083 366 3161 semel
383 3099 495 3160 unoque
513 3086 619 3149 tenore,
636 3099 692 3162 quo
729 3085 795 3151 post
808 3081 974 3159 contractus,
989 3080 1043 3198 ffini

88 3170 147 3207 iure
158 3152 290 3224 gentium
302 3150 456 3204 introducti
468 3152 540 3215 sunt,
555 3154 705 3220 expositos,
718 3149 793 3218 quod
805 3149 926 3214 denique
939 3144 974 3198 de
986 3162 997 3197 i
1018 3163 1043 3200 is

86 3221 151 3276 isis
173 3217 338 3274 interdictis
359 3218 477 3285 perinde
500 3219 585 3285 atque
604 3216 689 3272 Gaius
710 3219 752 3269 ita
774 3215 864 3282 egisse
888 3212 922 3288 de
944 3211 1042 3265 rehen-

85 3238 168 3355 ditur,
181 3290 215 3342 ut
226 3286 350 3363 primum
364 3300 470 3359 genera
481 3286 619 3343 eornmsset
631 3282 841 3354 appellationes,
854 3229 956 3334 deiuge
969 3278 1043 3333 ordi·

82 3372 147 3409 nem
165 3357 196 3410 et
214 3354 326 3408 exitum
346 3351 507 3419 explicaret.

149 3422 233 3490 Quod
247 3434 317 3474 vero
331 3418 444 3471 omnino
455 3418 526 3472 haec
537 3418 695 3488 fragmenta
705 3414 820 3483 Ulpiani
831 3413 1043 3469 Institutionum

80 3507 140 3547 esse
157 3487 303 3558 reliquiae
321 3485 449 3554 putanda
464 3485 533 3551 sint,
554 3485 583 3538 id
601 3486 657 3538 iam
674 3483 704 3536 in
722 3482 867 3552 publicum
884 3483 981 3537 notum
999 3482 1044 3536 est
