2362 3938
140 176 204 246 140
481 179 512 234 o.
531 177 668 232 venenu
686 175 815 233 runocr

138 331 269 392 carmina
292 347 373 389 nunc
395 334 475 388 totos
498 326 594 400 uoluit
616 327 739 404 figitque
762 343 817 403 per
840 333 925 386 artus

138 417 301 479 Aesonidae
325 425 356 478 et
378 423 475 477 totum
498 422 621 495 septeno
645 431 798 474 murmure
822 413 920 475 fertur

138 525 193 587 per
216 505 348 585 clipeum
371 512 459 584 atque
483 505 551 575 uiro
573 504 742 582 grauiorem
765 502 896 563 reddidit
917 503 1046 584 hastam3
1096 511 1134 562 tto

137 599 255 675 iamque
280 596 327 655 sui
350 594 444 654 tauris
466 592 608 672 languent
631 590 804 652 absentibus
827 593 921 670 ignes.

139 680 231 745 ‘nunc
254 701 308 761 age
332 689 362 742 et
384 675 450 741 has'
473 682 571 760 inquit
593 675 711 740 ‘cristas
733 679 907 759 galeamque
930 699 1060 764 resume,
1177 746 1180 753 ,

139 790 229 851 quam
252 771 339 832 modo
362 770 487 831 lunerea
509 770 606 830 tenuit
628 767 781 828 Discordia
803 767 916 829 dextra.

139 860 215 920 hanc
238 861 301 920 iace
324 877 380 938 per
403 857 529 938 medias,
551 875 621 917 cum
643 858 774 916 uerteris
796 859 941 938 aequora,
964 875 1088 939 messes3

138 950 277 1028 protinus
299 949 331 1006 in
355 964 421 1007 sese
445 963 591 1006 conuersa
614 943 768 1005 fluoribus
789 943 845 1005 ibit
1099 955 1141 1006 tto

138 1045 246 1098 cuneta
268 1034 408 1115 phalanx,
431 1043 520 1112 atque
543 1036 608 1113 ipse
631 1033 762 1094 fremens
786 1032 944 1094 mirabitur
967 1043 999 1096 et
1021 1053 1067 1096 me

138 1125 280 1203 respiciet
301 1123 427 1184 fortasse
450 1117 556 1202 pater?
579 1123 624 1182 sic
646 1120 754 1182 deinde
776 1120 875 1182 locuta

138 1215 197 1272 ianr
219 1213 312 1290 magis
336 1219 425 1287 atque
448 1211 542 1289 magis
564 1217 697 1270 mentem
720 1228 811 1289 super
834 1210 892 1270 elta
915 1211 1034 1272 ferebat

138 1316 280 1380 aequora,
303 1296 468 1376 pandentes
490 1296 603 1377 Minyas
625 1299 684 1357 iam
708 1297 775 1358 uela
798 1297 919 1359 uidebat

138 1388 267 1448 sosine.
313 1393 377 1447 tum
400 1403 473 1446 uero
497 1392 631 1446 extremo
654 1404 799 1467 pereussa
821 1385 923 1447 dolore
1101 1396 1146 1448 tto

138 1477 244 1556 arripit
265 1474 434 1536 Aesoniden
457 1474 561 1535 dextra
584 1493 618 1534 ac
642 1477 801 1536 summissa
823 1476 976 1554 profatur:

139 1560 192 1626 ‘sis
216 1583 343 1646 memor,
366 1582 434 1645 oro,
457 1565 529 1646 mei,
552 1572 658 1625 contra
679 1582 794 1624 memor
816 1565 881 1643 ipsa
903 1564 1041 1647 manebo,

139 1653 242 1735 crede,
264 1655 317 1714 tui.
363 1652 482 1731 quando
504 1651 575 1713 binc
598 1651 710 1733 aberis,
732 1651 780 1713 dic
804 1670 930 1734 quaeso,
953 1653 1097 1732 profundi

139 1742 218 1820 quod
242 1741 316 1802 caeli
340 1740 480 1820 spectabo
503 1736 604 1801 latus?
626 1740 680 1800 sed
702 1749 732 1800 te
756 1759 875 1819 quoque
899 1749 1002 1821 tangat

139 1847 210 1888 cura
223 1832 292 1890 mei
315 1847 504 1908 quocumque
527 1829 606 1910 loco,
630 1846 835 1908 quoscumque
857 1848 912 1909 per
936 1848 1045 1912 annos3
1103 1841 1150 1894 48⁰

139 1918 234 1996 adque
257 1917 338 1978 hunc
361 1926 391 1978 te
414 1919 585 1978 meminisse
608 1917 684 1977 uelis
707 1926 738 1978 et
761 1925 864 1978 nostra
885 1918 974 1980 fateri

138 2024 276 2087 munera,
299 2013 453 2066 seruatum
475 2005 587 2085 pudeat
608 2023 664 2066 uec
687 2007 814 2085 uirginis
836 2014 910 2067 arte.
986 2068 990 2072 .

139 2096 166 2155 ei
189 2094 276 2175 mibi,
300 2113 355 2155 cur
378 2094 476 2155 nullos
498 2093 629 2155 fundunt
650 2102 702 2155 tua
724 2093 838 2154 lumina
859 2092 973 2156 fletus?

138 2201 174 2243 an
198 2201 246 2243 me
269 2201 337 2243 mox
360 2185 466 2243 merita
488 2185 664 2244 morituram
685 2184 779 2262 patris
802 2182 838 2243 ab
862 2185 906 2244 ira

138 2267 329 2332 dissimulas?
352 2279 381 2331 te
405 2289 497 2350 regna
519 2278 587 2332 tuae
611 2270 708 2331 felicia
730 2273 837 2353 gentis,
1104 2284 1152 2336 485

137 2367 166 2418 te
191 2361 320 2420 coniunx
345 2359 506 2438 taedaeque
530 2366 662 2439 maueut3
686 2377 741 2438 ego
763 2361 881 2439 prodita
904 2360 1002 2422 obibo.

137 2465 193 2506 nec
218 2465 328 2525 queror
353 2455 383 2507 et
404 2465 459 2525 pro
485 2455 514 2507 te
538 2447 636 2507 lucem
659 2465 778 2527 quicque
801 2447 877 2508 laeta
900 2447 1089 2530 relinquam'

135 2535 274 2612 protinus
297 2534 407 2612 hospes
431 2534 467 2593 ad
490 2534 562 2595 haec
587 2528 700 2617 (tacitis
723 2553 791 2596 nam
813 2536 950 2599 cantibus
973 2538 1057 2600 illum

136 2621 260 2681 flexerat
282 2629 313 2681 et
335 2621 424 2681 simili
446 2622 618 2683 iamdudum
642 2623 764 2684 adflarat
787 2620 921 2709 amore),

137 2704 232 2769 ‘tune'
256 2710 297 2769 ait
320 2704 499 2770 ‘Aesoniden
524 2712 683 2788 quicquam
706 2719 736 2772 te
761 2713 837 2774 uelle
860 2715 964 2776 relicta
1101 2729 1153 2778 49⁰

137 2798 234 2859 credis
257 2805 288 2859 et
310 2797 371 2858 ulla
392 2801 454 2878 pati
477 2801 541 2859 siue
565 2808 594 2860 te
617 2795 704 2860 loca?
728 2801 819 2862 redde
843 2810 969 2882 tyranno

137 2905 184 2948 nre
207 2889 320 2969 potius,
343 2889 443 2968 recipe
467 2889 600 2966 ingratos
623 2888 719 2968 adque
743 2908 818 2951 exue
843 2900 957 2954 cantus.

135 2978 203 3055 quis
225 2976 298 3037 mihi
319 2975 395 3038 lucis
418 2974 523 3038 amor?
544 2980 670 3058 patriam
693 2996 748 3039 cur
770 2981 896 3060 amplius
918 2989 1029 3065 optem,

136 3066 162 3124 si
185 3084 245 3126 non
269 3074 299 3126 et
321 3069 440 3144 genitor
463 3075 492 3128 te
514 3069 641 3146 primam
663 3067 854 3147 amplectitur
875 3071 983 3153 deson,

135 3158 224 3230 teque
248 3162 300 3214 tuo
324 3152 411 3233 longe
435 3155 599 3233 fulgentem
621 3155 733 3216 uellere
756 3159 889 3236 gaudens
1100 3173 1152 3224 495

135 3248 251 3317 spectat
272 3248 304 3300 et
326 3240 363 3300 ad
384 3245 498 3320 primos
520 3246 673 3323 procurrit
696 3243 819 3307 Graecia
841 3245 974 3310 ductus?

134 3331 251 3405 respice
275 3327 311 3388 ad
334 3326 387 3390 has
411 3347 502 3391 uoces
526 3339 556 3391 et
578 3333 650 3412 iam,
672 3350 795 3415 precor,
818 3335 928 3419 adnue,
952 3339 1093 3399 coniunx.

132 3429 188 3489 per
211 3423 256 3496 te,
279 3432 355 3492 quae
380 3419 498 3498 superis
520 3417 659 3497 diuisque
680 3424 832 3497 potentior
854 3424 931 3503 imis,

132 3516 246 3578 perque
269 3501 357 3582 baec,
379 3506 479 3586 uirgo,
502 3511 554 3564 tuo
577 3504 733 3565 redeuntia
756 3505 854 3565 sidera
877 3516 953 3568 nutu
