2362 3938
342 197 635 254 ARGONAUTICON
654 196 764 253 LIBER
781 198 842 255 VII.
1036 197 1100 263 133

83 349 166 410 illum
188 366 259 427 ego,
282 349 334 426 qui
357 346 431 409 diris
454 349 530 408 cinis
555 348 676 408 ultimus
698 347 829 408 haeserit
851 349 941 429 aruis,

83 455 224 518 ossaque,
248 438 315 516 quis
338 437 417 496 tauri
441 441 619 515 saeuusque'
630 438 801 515 pepercerit
823 437 909 517 ignis,

83 543 249 606 conponam
271 524 432 603 sedemque
455 523 539 584 daho.
585 525 630 584 fas
652 532 724 586 tunc
746 524 819 585 mihi
842 542 944 585 manes

84 615 224 676 dilexisse
248 615 308 674 uiri
331 612 506 692 tumuloque
529 612 583 673 has
606 611 732 674 reddere
756 608 865 674 curas?

126 746 257 807 Dixerat.
303 763 374 807 eece
398 753 465 806 toro
488 745 588 806 Venus
612 748 765 826 inprouisa
789 746 910 829 resedit,
1050 759 1102 828 210

83 837 161 896 sieut
185 841 250 895 erat
272 842 385 895 mutata
409 834 495 895 deam
517 836 702 913 mentitaque
725 837 814 914 pictis

82 923 219 985 uestibus
242 931 273 984 et
294 925 408 1002 magica
431 922 537 983 Circen
560 922 696 984 Titanida
718 927 811 1003 uirga.

81 1015 151 1094 ista,
174 1010 260 1072 uelut
281 1010 355 1073 lenti
378 1011 496 1072 fallatur
519 1013 646 1090 imagine
670 1014 776 1093 somni,

83 1103 126 1161 sic
150 1099 255 1161 oeulos
277 1102 393 1161 incerta
416 1108 499 1160 tenet
521 1101 679 1179 magnique
704 1118 839 1160 sororem

80 1188 224 1269 paulatim
245 1196 332 1268 putat
354 1206 421 1249 esse
444 1190 551 1268 patris3
574 1196 640 1249 tum
661 1188 759 1249 flebile
783 1187 916 1269 gaudens
1047 1200 1099 1249 215

80 1277 221 1357 prosiluit
243 1295 410 1355 saeuaeque
435 1276 514 1338 ultro
537 1276 606 1339 tulit
629 1277 731 1338 oscula
753 1278 850 1359 diuae,

82 1385 114 1427 ao
132 1367 231 1446 prior:
255 1361 284 1425 ‘o
308 1365 441 1446 tandem,
464 1367 515 1425 uix
538 1365 657 1426 tandem
680 1366 795 1427 reddita
819 1366 904 1427 Circe

83 1454 158 1515 dura
181 1456 255 1535 tuis,
279 1472 355 1533 quae
378 1461 408 1529 te
432 1453 541 1534 biiugis
565 1454 755 1532 serpentibus
778 1457 839 1533 egit

80 1542 150 1603 hine
174 1539 279 1622 fuga?
292 1560 406 1622 quaeue
430 1542 488 1603 fuit
509 1544 614 1622 patriis
637 1559 721 1601 mora
744 1544 855 1620 gratior
879 1538 962 1602 oris?

80 1638 149 1691 ante
174 1639 205 1692 et
228 1630 415 1692 Thessalicae
439 1629 550 1691 Phasin
572 1631 686 1710 petiere
710 1632 829 1690 carinae
1047 1641 1100 1694 220

80 1737 195 1800 perque
220 1727 266 1780 tot
287 1719 390 1780 infelix
413 1720 524 1780 frustra
547 1718 623 1779 uada
641 1721 725 1780 uenit
748 1717 843 1802 lason,

81 1825 171 1886 quam
195 1809 308 1887 patriae
331 1815 361 1869 te
384 1809 480 1869 mouit
503 1802 605 1868 amor?
651 1815 717 1868 tum
740 1816 840 1869 cetera
863 1809 975 1888 rumpit

79 1897 273 1975 occurritque
296 1895 409 1958 Venus:
433 1891 479 1958 ‘tu
501 1914 582 1957 nunc
604 1895 678 1957 mihi
701 1915 790 1958 causa
812 1897 930 1956 uiarum

79 1984 155 2045 sola:
178 1991 247 2045 tuae
271 1987 360 2046 uenio
384 1978 458 2068 (iam
479 1985 597 2066 pridem
620 1979 727 2069 gnara)
750 1988 906 2065 iuuentae3

79 2081 179 2134 cetera
201 2090 291 2154 parce
315 2076 401 2152 queri
424 2092 484 2135 neu
507 2091 555 2134 me
578 2073 701 2134 meliora
724 2081 857 2134 secutam
1045 2084 1097 2136 225

79 2179 185 2242 argue3
209 2164 318 2242 quippe
342 2155 392 2244 (ut
414 2165 473 2223 iam
495 2169 675 2242 reputentur
697 2180 822 2223 munera
844 2155 963 2245 diuum)

79 2249 220 2311 omnihus
243 2249 324 2311 huno
346 2253 448 2330 potius
471 2269 660 2312 communem
683 2249 882 2311 animantibus
905 2249 1018 2333 orbem,

80 2356 255 2399 communes
278 2347 309 2400 et
332 2339 420 2400 crede
445 2339 526 2401 deos.
570 2341 697 2419 patriam
720 2340 788 2402 inde
812 2347 929 2421 uocato,

79 2444 138 2506 qua
160 2427 239 2488 redit
261 2429 345 2506 itque
368 2427 441 2489 dies.
486 2446 543 2489 nec
566 2446 635 2510 nos,
658 2447 675 2487 0
699 2436 780 2510 nata,
802 2428 929 2507 maligna

79 2514 186 2576 luserit
208 2515 266 2576 hoc
289 2534 350 2577 uno
374 2535 493 2596 semper
511 2516 568 2578 suh
591 2516 702 2597 frigore
725 2519 840 2579 messis.
1046 2529 1098 2581 230

81 2605 125 2664 las
149 2603 224 2665 mihi
246 2622 307 2665 non
330 2604 457 2689 habiles,
481 2606 525 2666 fas
548 2614 579 2667 et
601 2605 656 2667 tihi
679 2605 815 2689 linquere
839 2605 973 2668 Colchos.

80 2700 110 2752 et
133 2710 214 2754 nune
237 2693 361 2754 Ausonii
384 2695 514 2755 coniunx
537 2713 592 2773 ego
615 2696 697 2775 regia
719 2694 792 2776 Pici,

80 2798 135 2841 nec
158 2781 231 2842 mihi
253 2780 437 2843 flammiferis
459 2782 585 2844 horrent
606 2782 648 2843 ihi
671 2802 781 2863 pascua
803 2785 907 2864 tauris,

80 2887 186 2950 meque
210 2870 295 2931 uides
318 2870 410 2932 'l'usei
433 2870 583 2933 dominam
606 2873 705 2932 maris.
752 2880 782 2932 at
796 2870 860 2932 'tibi
883 2873 1003 2949 quinam

81 2958 284 3039 Sauromatae,
308 2959 489 3041 miseranda,
511 2954 618 3038 proci?
641 2961 690 3020 cui
712 2958 798 3020 uadis
821 2957 932 3018 Hibero
1045 2968 1096 3019 235

80 3040 123 3126 (ei
146 3040 248 3129 mihil)
271 3048 321 3108 uel
339 3067 429 3109 saeuo
453 3049 583 3108 coniunx
606 3065 666 3108 non
690 3065 748 3107 una
772 3041 918 3107 Gelonoi'

122 3179 174 3240 llla
198 3179 270 3241 deae
294 3189 398 3243 eontra
416 3180 589 3241 iamdudum
611 3197 755 3260 spernere
777 3196 883 3259 uoces,

79 3263 214 3329 ‘nonita
237 3287 284 3330 me
309 3272 504 3329 inmemorem
526 3286 648 3349 magnae
671 3262 841 3329 Perseidos'
864 3268 962 3344 inquit

80 3351 204 3439 hornis,
228 3365 262 3418 ut
284 3357 388 3418 infelix
410 3357 555 3418 thalamos
577 3375 632 3438 ego
656 3374 745 3436 cogar
767 3358 798 3416 in
820 3354 894 3416 illos.

78 3446 101 3525 i,
122 3457 246 3529 precor,
270 3446 366 3525 adque
390 3454 476 3507 tuum
498 3465 553 3524 pro
576 3464 624 3506 me
647 3446 762 3506 dimitte
785 3446 932 3506 timorem.
1043 3454 1096 3505 240
1138 3460 1140 3481 ²

78 3534 131 3596 sed
153 3536 248 3614 magis
271 3533 318 3595 his
341 3536 493 3617 miseram,
517 3535 633 3613 quando
656 3541 756 3617 potes,
780 3536 862 3615 eripe
886 3531 984 3615 curis}¹

584 3776 601 3809 t

288 3838 317 3881 θ
